4120 6338
209 296 264 358 ris
689 286 827 360 censi.
846 285 951 346 xciii.
972 287 1017 347 nn
1036 289 1256 354 assissinis
1274 294 1342 356 nni.
1801 318 1855 379 ῃ,

209 432 271 498 per
293 430 334 480 ea
354 431 431 510 sium
451 407 607 490 iacimus,
633 411 843 493 exploramus
871 399 1028 486 alteriusi
1060 414 1137 480 verb
1155 417 1282 560 Aiaffl'a
1304 423 1438 502 experta
1460 428 1531 520 erat
1544 443 1621 522 erga
1645 448 1684 497 is
1707 435 1851 505 divinam

209 493 1005 640 iibii‘itiitiliiiilalitiiitilz
1059 495 1183 639 iiiim
1197 503 1386 646 offis
1401 503 1451 566 “¹
1465 503 1666 648 '¹¹⁰³i'¹‘”⁰⁸·
1682 525 1851 616 'mim-⁸·

326 594 346 670 q
759 591 823 654 Sl.
863 591 882 652 Ρ
1159 598 1211 658 ,p
1265 599 1285 660 (l
1344 600 1383 644 ¹1⁵
1407 601 1568 664 corpora.
1585 589 1746 659 medicina
1761 600 1851 664 indi-

210 653 420 734 unoquidem
429 651 656 733 modoapertd,
668 647 836 716 sientciim
872 652 923 714 uis
938 655 1007 714 ten·
1059 662 1166 737 geret,
1180 659 1232 723 iel
1255 660 1363 724 statim
1377 663 1511 728 sentiret
1530 665 1648 734 divinos
1668 678 1850 744 sanationis

210 738 351 798 tatorem
365 751 399 796 se
413 733 592 826 profitetur,
608 733 691 796 sicut
704 732 851 806 Samson,
884 732 937 794 nd.
955 729 1005 807 ιι,
1060 735 1219 801 ellectum.

210 812 562 956 ἓὲξοᾞίῑζρξὲξὲῐῖθ
585 811 796 954 οἻξζῖᾟζθῖᾱ
805 815 1007 967 ἒΐεοὶῖῖιῆἓῖ
1059 863 1241 928 Airicnnns
1252 883 1287 928 ii.
1302 899 1340 912 -
1352 867 1380 932 U
1381 865 1465 930 trilm
1479 875 1598 933 tentare
1615 874 1713 940 Darem
1724 879 1767 943 sit
1776 899 1852 962 pse.

211 959 298 1038 sicut
309 972 464 1036 Pharisei
487 974 693 1036 tentaverunt
714 969 897 1046 Christum,
911 973 948 1033 ut
959 970 1006 1035 le·
1081 951 1193 1006 mium·
1209 979 1248 991 ···
1263 943 1299 1028 (1
1315 954 1419 1026 Wiu
1433 967 1486 1030 qu.
1508 949 1584 1028 ¹¹²2
1601 961 1662 1016 ati·
1679 956 1710 1032 2,
1727 969 1830 1044 torp.)

211 1051 425 1134 giturblattb.
448 1049 496 1114 ti.
516 1048 640 1114 ltnrsils
662 1049 771 1131 quand
815 1049 1007 1131 nequidem
1099 1044 1850 1141 Adsecundnmsicproceditui.l.l¹ideturqubd

211 1129 377 1212 expressi,
388 1127 629 1211 putaciimqnis
642 1129 727 1194 dicto
741 1129 792 1193 iel
816 1131 888 1195 acto
902 1131 1008 1194 inten-
1058 1128 1184 1188 tentare
1197 1126 1300 1220 Deum
1316 1143 1382 1189 non
1397 1129 1439 1190 sit
1452 1137 1629 1208 peccatum.
1654 1136 1740 1201 Dens
1765 1144 1849 1206 enim

211 1211 261 1274 dit
278 1209 536 1292 experimentum
554 1227 683 1272 sumere
697 1208 738 1272 de
754 1209 884 1289 aliqub;
897 1225 1007 1291 quan·
1059 1221 1126 1267 uon
1138 1205 1428 1286 prmcepitaliquod
1442 1215 1620 1288 peccatum.
1631 1215 1850 1298 Precepitau.

210 1289 319 1384 doque
342 1289 418 1355 verb
440 1287 703 1368 interpretativa,
728 1288 860 1368 qnando
883 1289 1007 1354 scilicet
1058 1286 1123 1346 tem
1142 1287 1178 1346 ut
1195 1283 1343 1350 homines
1359 1304 1432 1349 eum
1470 1289 1596 1366 rubent,
1611 1295 1698 1373 qnod
1713 1304 1761 1361 est
1775 1318 1850 1364 cam

211 1375 273 1434 etsi
293 1369 438 1433 beenon
457 1367 603 1431 intendat
623 1372 659 1430 nt
679 1368 936 1448 experimentum
951 1386 1007 1431 su·
1057 1365 1182 1427 tentare
1199 1363 1434 1458 :diciturenim
1481 1368 1585 1432 alaob.
1599 1369 1630 1447 3,
1646 1373 1685 1434 10
1702 1395 1709 1437 :
1728 1378 1851 1460 luseris

209 1453 294 1524 mat,
307 1449 339 1512 id
356 1452 465 1513 tamen
486 1465 505 1510 a
528 1448 567 1522 it,
584 1448 637 1512 iel
650 1447 743 1524 dicit,
789 1448 853 1510 uod
865 1448 905 1512 ad
924 1447 1006 1510 nibil
1059 1461 1177 1507 omuesn
1190 1441 1380 1507 nemausam
1392 1443 1537 1509 borreum
1546 1455 1749 1523 meumutsii
1764 1459 1851 1522 cibus

211 1527 301 1594 alind
319 1528 486 1594 videturo
526 1527 645 1592 inabile
659 1527 723 1590 nisi
745 1467 787 1590 ai
805 1528 1007 1609 experimen·
1057 1521 1095 1585 iis
1110 1523 1199 1618 domo
1213 1525 1301 1593 med,-
1319 1531 1348 1586 et
1358 1524 1491 1604 probate
1504 1547 1550 1589 me
1572 1547 1610 1590 ru
1632 1549 1665 1593 er
1680 1531 1756 1606 boe,
1773 1537 1851 1603 dicit

210 1612 282 1671 tum
294 1607 497 1671 sumendum.
1056 1601 1230 1696 Dominus.
1253 1621 1283 1698 ιι
1306 1620 1372 1666 uou
1393 1623 1541 1684 aperuero
1569 1549 1658 1672 unite
1675 1622 1850 1682 cataracta,

252 1687 304 1752 Sic
315 1705 392 1770 ergo
405 1687 719 1751 bemotentatDeum
729 1685 924 1767 quandoque
934 1705 1006 1752 ier·
1059 1682 1137 1776 culs·
1152 1683 1238 1764 argo
1254 1683 1380 1746 videtur
1398 1683 1484 1764 qubd
1507 1689 1633 1753 tentare
1648 1691 1752 1758 Deum
1781 1715 1847 1760 noii

212 1768 285 1844 bis,
313 1766 509 1848 quandoque
524 1765 615 1830 lactis
630 1765 759 1830 :verbis
784 1765 915 1846 quidem
937 1767 1005 1830 lico
1058 1765 1099 1825 sit
1115 1765 1292 1842 peccatum
1348 1841 1355 1856 ι
1465 1843 1472 1858 ·

211 1847 432 1926 colloquimur
445 1844 587 1920 orando,
606 1845 692 1910 unde
716 1845 751 1907 in
767 1844 829 1910 sut
873 1847 1005 1910 etitione
1096 1841 1127 1902 3.
1142 1843 1413 1916 Pretereatsicut
1430 1843 1548 1924 aliquis
1563 1850 1707 1914 tentatur
1718 1853 1758 1917 ad
1787 1854 1850 1920 boc

211 1924 366 2007 expresse
383 1925 500 2006 aliquis
515 1925 619 1988 Deum
633 1927 745 1998 tentat,
760 1864 891 2003 quanio
905 1924 944 1989 et
957 1927 1006 1988 in·
1057 1921 1143 2014 qubd
1153 1921 1354 2018 experientia
1364 1927 1512 2018 sumatur
1525 1925 1565 1988 de
1579 1927 1713 1995 scientia
1725 1936 1776 1997 rel
1790 1953 1849 2016 po-

210 2005 353 2070 tentioue
370 2004 493 2086 aliquid
513 2001 618 2068 aneo
630 2003 793 2084 postulat,
808 2008 845 2066 ut
858 2006 1005 2083 exploret
1056 1999 1158 2064 leniti
1177 2019 1264 2082 eius,
1280 2005 1325 2065 ita
1342 2009 1438 2065 ettam
1449 2007 1481 2064 et
1495 2003 1533 2068 de
1553 2006 1697 2074 bonitate
1716 2012 1768 2075 vel
1785 2032 1851 2078 vc-

209 2085 270 2150 Dai
288 2085 474 2160 seientiam,
489 2085 699 2163 potestatem,
717 2084 769 2145 vel
782 2085 1003 2161 voluntatem3
1057 2081 1182 2144 luutate
1196 2082 1312 2162 ipsius,
1332 2079 1393 2144 Sed
1413 2081 1538 2145 licitum
1562 2089 1712 2166 estquod
1729 2093 1848 2173 aliquis

211 2163 305 2228 iactis
326 2169 435 2229 antem
450 2161 601 2244 expresse
630 2163 749 2244 aliquis
763 2162 865 2226 Deum
886 2167 1003 2240 tentat,
1058 2161 1314 2240 experimentum
1333 2163 1441 2224 sumat
1457 2161 1573 2227 divium
1589 2166 1759 2247 bonitatis,
1779 2175 1850 2237 sire

211 2241 344 2324 qnando
353 2261 413 2324 per
422 2259 461 2307 ea
473 2260 546 2323 qum
558 2243 644 2316 lacit,
654 2241 794 2320 intendit
803 2243 1006 2324 experimen·
1057 2241 1155 2303 etiam
1171 2241 1346 2305 voluntatis
1362 2239 1598 2306 :diciturenim
1612 2245 1646 2308 in
1659 2249 1784 2328 psalmo
1797 2252 1848 2330 33,

211 2326 282 2386 ιιιιιι
308 2341 436 2388 sumere
451 2321 567 2388 divium
586 2322 775 2403 potestatis,
797 2322 866 2386 sire
900 2323 1005 2386 letatis
1057 2317 1248 2382 ttzGustate
1259 2326 1288 2383 et
1305 2319 1423 2392 uidete,
1440 2321 1588 2404 quonium
1609 2329 1715 2392 succis
1728 2333 1850 2396 sstDo.

211 2407 272 2468 ant
285 2403 440 2467 scientia.
454 2401 514 2466 Sed
535 2402 632 2481 qnasi
648 2341 1006 2482 interpretatiiilleum
1057 2399 1181 2467 miuus,-
1195 2404 1228 2462 et
1241 2399 1383 2464 aditam.
1402 2399 1487 2474 122
1502 2421 1511 2462 ε
1527 2403 1569 2466 Ut
1576 2405 1796 2491 probatisque
1806 2413 1849 2476 sit

211 2483 317 2547 tentat
328 2481 387 2562 qui
400 2482 461 2546 etsi
473 2498 539 2545 non
552 2479 687 2544 intendit
697 2481 954 2560 experimentum
966 2482 1006 2545 de
1056 2477 1203 2540 ortuum
1213 2479 1272 2543 Det
1285 2477 1383 2551 boue,
1398 2488 1427 2543 et
1442 2479 1650 2561 beneptacens,
1663 2491 1848 2572 asperseris.

209 2561 280 2626 neo
306 2577 455 2638 sumere,
473 2561 597 2640 aliquid
618 2564 726 2624 tamen
747 2561 843 2654 petit,
860 2560 912 2624 vel
931 2559 1007 2624 tacit
1057 2557 1143 2625 Erno
1158 2561 1282 2622 tentare
1296 2558 1400 2622 Deum
1414 2577 1481 2624 non
1498 2566 1547 2624 est
1558 2570 1736 2641 peccatum.

235 2641 300 2704 nod
316 2640 358 2706 ad
371 2639 454 2703 nibil
465 2639 553 2704 alind
570 2643 619 2702 est
632 2639 712 2704 ntile
730 2640 794 2702 msi
806 2639 847 2704 ad
861 2641 1007 2720 proban·
1097 2625 1128 2700 3.
1155 2638 1331 2714 Praeterea,
1355 2639 1464 2704 nullus
1483 2639 1685 2722 vituperatur
1708 2647 1740 2710 in
1759 2649 1851 2714 Sori-
1916 2667 1920 2678 ·

211 2659 287 2784 iam
302 2719 361 2784 Dei
375 2723 583 2801 potestatem,
600 2719 653 2784 rel
667 2717 861 2794 bonitatem,
879 2719 931 2784 iel
952 2737 1007 2783 co·
1057 2715 1154 2798 ptnrl
1175 2736 1216 2780 ex
1234 2736 1274 2782 eo
1286 2717 1404 2799 qubdd
1421 2724 1552 2799 peceato
1566 2730 1690 2802 cessat,
1705 2727 1761 2792 sed
1777 2746 1852 2793 ma-

235 2800 412 2864 nitionemr
426 2799 511 2863 sicut
533 2795 608 2862 ciim
630 2797 704 2878 quis
731 2815 852 2878 equum
874 2816 1006 2862 currere
1057 2797 1106 2936 fis
1121 2797 1149 2860 si
1172 2802 1340 2878 peccatum
1361 2801 1547 2863 committat.
1564 2801 1773 2898 vituperatur
1788 2827 1852 2872 au.

225 2880 311 2956 acit,
333 2883 370 2943 ut
383 2877 640 2953 evadatbostes,
661 2876 723 2940 boe
736 2881 865 2940 nonest
879 2879 1007 2958 experi-
1071 2893 1122 2938 ein
1136 2876 1263 2950 belian,
1285 2878 1342 2957 qni
1373 2879 1512 2943 Domino
1534 2879 1651 2946 dicenti
1666 2903 1676 2944 ι
1691 2885 1766 2950 Pete
1792 2887 1851 2954 tibi

210 2963 356 3024 mentum
366 2958 405 3023 de
418 2973 504 3038 equo
514 2973 663 3032 sumere;
679 2955 736 3019 sed
752 2957 780 3019 si
800 2974 922 3037 equum
932 2976 1007 3020 cur·
1057 2955 1183 3036 ciprum
1198 2954 1219 3018 d
1233 2957 1368 3019 Domino
1388 2959 1453 3020 Deo
1476 2967 1548 3031 tuo,
1575 2964 1742 3043 respondit
1753 2987 1761 3027 ε
1774 2967 1852 3032 Nou

211 3057 286 3103 rere
296 3039 393 3104 iaciat
406 3039 532 3118 absque
543 3033 657 3132 aliqua
668 3035 828 3112 utilitate,
847 3037 909 3100 boc
924 3037 1006 3101 nibil
1036 3043 1176 3117 ‚petum
1201 3043 1230 3098 et
1250 3053 1317 3099 nou
1341 3036 1466 3100 tentabo
1482 3039 1671 3112 Dominum:
1687 3047 1720 3108 et
1730 3045 1852 3114 dictum

211 3119 301 3183 aliud
321 3136 393 3182 esse
410 3117 537 3183 videtur
549 3133 649 3197 quam
672 3133 714 3178 ex
737 3115 931 3179 erimentum
942 3134 1006 3180 su·
1057 3115 1145 3178 estet
1157 3135 1165 3176 i
1177 3115 1339 3198 Numquid
1350 3115 1462 3198 partim
1473 3125 1518 3182 est
1531 3119 1618 3183 uobis
1632 3123 1776 3188 molestos
1790 3147 1853 3190 esso

210 3216 299 3262 mere
310 3199 349 3263 de
361 3197 437 3278 eqni
448 3196 629 3262 velocitate.
642 3195 684 3257 Et
699 3134 784 3258 siem
793 3201 842 3259 est
854 3196 1007 3260 inomni·
1056 3190 1250 3265 bominibus,
1284 3195 1340 3258 uia
1353 3196 1474 3260 molesti
1493 3199 1565 3260 estis
1584 3208 1612 3261 et
1631 3203 1695 3265 lieo
1712 3206 1802 3268 mse?
1815 3212 1853 3270 ut

211 3278 274 3342 bus
309 3278 382 3342 aliis
411 3278 522 3342 rebus.
538 3275 676 3354 Quando
699 3291 777 3356 ergo
791 3279 923 3357 propter
937 3275 1006 3338 ali·
1056 3272 1174 3336 dicitur
1189 3215 1300 3348 lsai,
1319 3275 1350 3336 2.
1368 3276 1593 3368 Desilirabam
1606 3286 1715 3344 antem
1733 3283 1763 3345 ie
1787 3286 1852 3348 itur

211 3375 313 3439 quain
329 3357 552 3422 necessitatem
577 3373 635 3418 seu
648 3354 821 3417 utilitatem
836 3355 1005 3418 committit
1057 3353 1174 3445 Gener.
1189 3350 1239 3427 15,
1252 3351 1283 3427 8,
1299 3353 1384 3430 qubd
1399 3353 1482 3417 dixit
1496 3355 1536 3417 ad
1548 3356 1744 3424 Dominum:
1762 3303 1852 3427 Unde

211 3454 247 3500 se
261 3437 380 3520 aliquis
396 3436 506 3500 divino
521 3433 645 3497 anxilio
659 3432 693 3494 in
708 3435 776 3496 suis
794 3433 1003 3513 petitionibus
1056 3449 1138 3496 sure
1156 3449 1303 3513 possum,
1334 3432 1418 3514 quiid
1437 3451 1639 3514 possessurus
1672 3440 1733 3502 sim
1758 3443 1850 3504 emat

212 3518 264 3579 vel
278 3515 382 3592 iactis,
396 3515 459 3578 boe
473 3531 539 3578 non
553 3519 602 3578 est
612 3513 717 3576 Deum
727 3517 853 3576 tentare
867 3532 875 3572 ε
887 3511 1006 3576 dicitur
1057 3511 1177 3575 scilicet
1189 3514 1309 3573 terram
1327 3512 1556 3595 repromissam
1572 3512 1683 3580 ilico.
1699 3516 1851 3586 Similiter

212 3597 299 3658 enim
324 3597 358 3658 in
377 3594 398 3656 2
418 3592 632 3673 Paralipltl,
658 3591 716 3653 12:
730 3589 835 3654 cumi
856 3608 1004 3654 ueremur
1057 3591 1154 3653 etiam
1168 3589 1297 3654 Gedeon
1309 3591 1336 3653 si
1361 3589 1468 3654 numa
1481 3593 1650 3673 Deopetiit
1663 3596 1702 3661 de
1715 3599 1850 3666 victorii

210 3675 289 3756 quid
312 3693 402 3756 apere
414 3672 583 3742 debeamus,
603 3671 662 3734 boo
679 3668 779 3734 sotum
852 3689 934 3734 ciuus
951 3689 1006 3734 re-
1055 3667 1269 3750 repromissa,
1296 3610 1469 3751 utiegitur
1484 3672 1587 3736 ludio.
1601 3673 1632 3736 6.
1658 3676 1720 3752 Qui
1741 3682 1851 3744 tamen

210 3755 296 3818 sidui
304 3765 339 3817 ut
353 3753 461 3818 oeulos
472 3751 779 3830 oostroidr'ri'pamus
794 3749 1006 3826 deitatibus·
1058 3766 1100 3812 ex
1126 3748 1188 3812 boc
1212 3765 1277 3811 non
1304 3749 1597 3830 reprehenduntur.
1612 3755 1698 3838 Ergo
1725 3761 1851 3824 tentare

210 3834 252 3896 do
264 3833 339 3897 verb
350 3834 413 3898 bec
426 3832 534 3915 agitur
552 3833 676 3910 absque
690 3829 827 3894 utilitate
848 3835 881 3892 et
894 3847 1005 3894 neces·
1055 3828 1158 3891 Deum
1171 3847 1236 3892 non
1251 3833 1301 3892 est
1320 3833 1498 3910 peceatum.

212 3913 319 3988 sitats,
335 3911 396 3976 boc
410 3916 460 3976 est
479 3908 724 3990 interpretativa
744 3913 870 3972 tentare
887 3910 1003 4002 ileum.
1097 3907 1158 4004 Sed
1174 3911 1292 4004 'contra
1323 3911 1372 4003 est
1397 3911 1485 3988 qnod
1493 3912 1695 4052 &inhibetur
1721 3917 1756 3979 in
1779 3917 1809 3981 le
1832 3938 1851 3984 s

211 3991 302 4055 Unde
320 4011 359 4056 su
383 3985 921 4056 erilludDeut.b:Nouteutnbis
938 3988 1006 4052 Do·
1056 3987 1133 4062 nen
1152 3986 1368 4052 diciturenim
1380 3989 1475 4054 Dent.
1516 3991 1601 4066 ,162
1618 3995 1695 4060 Nou
1717 4004 1782 4060 teat
1822 3999 1852 4062 is

209 4055 328 4138 iulium
373 4067 872 4138 sumtuum,dicitGloss.ordiu.
887 4068 1005 4130 :Deum
1056 4067 1226 4130 Dominum
1239 4067 1338 4130 Deum
1352 4077 1449 4130 tuum.

211 4159 312 4214 tentat
333 4151 389 4233 qui
416 4149 528 4213 batus
565 4147 629 4212 uod
654 4147 776 4230 saciet,
794 4147 861 4210 sius
881 4148 1007 4211 retibus
1096 4145 1577 4229 Respondeodicendumqubd,
1596 4153 1680 4217 sicut
1693 4158 1852 4236 supradi-

211 4167 592 4311 commi'ttitsspcrtcufo,
608 4227 771 4308 emperiam
786 4223 1007 4308 utmlmpossit
1057 4231 1145 4293 ctnm
1162 4231 1222 4302 est,
1242 4231 1304 4290 art.
1348 4245 1435 4304 riae,
1448 4232 1573 4293 tentare
1588 4237 1637 4295 est
1649 4237 1852 4330 experimen·

211 4307 345 4375 liberari
357 4310 377 4373 d
390 4309 467 4372 Deo.
1057 4311 1126 4370 tum
1155 4320 1296 4371 sumere.
1321 4246 1436 4370 Rullus
1456 4313 1565 4371 autem
1594 4318 1851 4391 experimentum

252 4390 301 4453 dd
325 4390 466 4471 primum
496 4404 532 4452 cr
554 4404 574 4449 o
602 4385 772 4450 dicendum
796 4384 883 4465 qudd
908 4386 1006 4449 bomo
1058 4386 1158 4450 sumit
1172 4387 1263 4450 daeo
1277 4387 1316 4449 de
1334 4403 1401 4466 quo
1415 4391 1464 4448 est
1477 4390 1730 4457 certus.Etideb
1744 4395 1850 4458 omnis

211 4470 312 4534 etiam
345 4469 519 4548 nandoque
568 4465 626 4529 ctis
640 4469 793 4538 tentatur,
812 4461 1008 4545 ntriimpos·
1041 4468 1195 4530 'tentatio
1209 4463 1373 4558 exaliqua
1387 4465 1572 4546 ignorantia
1583 4470 1634 4531 iel
1649 4470 1851 4538 dubitatione

212 4551 274 4625 sit,
291 4489 344 4615 rei
357 4549 450 4623 sciat,
462 4547 515 4611 iel
526 4543 796 4624 ielitbnjusmodi
810 4543 901 4608 lactis
912 4543 1008 4612 auxi·
1058 4544 1202 4638 procedit
1223 4545 1276 4607 rel
1293 4559 1363 4623 eius
1379 4543 1441 4638 qui·
1458 4549 1560 4609 tentat
1573 4546 1669 4628 (sicut
1685 4550 1757 4615 cilm
1775 4553 1849 4633 quis

210 4627 294 4691 linui
317 4629 369 4692 vel
389 4625 652 4706 impedimentum
668 4629 832 4703 prestare.
1059 4627 1316 4704 experimentum
1338 4623 1378 4685 de
1400 4624 1443 4686 alr
1467 4622 1511 4687 nt
1538 4645 1575 4689 re
1602 4631 1701 4692 sumit
1718 4635 1756 4695 nt
1779 4633 1849 4714 ejus

252 4707 302 4772 ad
316 4706 492 4773 secundnm
515 4702 684 4766 dicendum
709 4700 795 4781 qubd
819 4701 922 4765 sancti
938 4702 1006 4766 suis
1059 4705 1249 4782 qualitatem
1275 4641 1482 4785 eognoscaii,
1499 4704 1567 4771 sive
1589 4708 1729 4774 aliorum
1746 4710 1851 4794 (siout

213 4788 366 4870 precibus
381 4783 539 4850 miracula
561 4781 737 4856 lactentes,
756 4799 798 4843 ex
811 4779 923 4859 aliqud
946 4799 1009 4844 ne-
1059 4781 1133 4846 ciim
1147 4783 1220 4863 quis
1233 4781 1490 4862 experimentum
1505 4783 1543 4848 de
1558 4787 1669 4867 aliquo
1683 4790 1799 4864 sumit,
1814 4795 1852 4852 nt

212 4867 363 4932 cessitate
374 4867 426 4932 iel
440 4865 578 4929 utilitate
596 4864 768 4925 moventur
778 4858 819 4924 ad
834 4859 1008 4942 petendum
1059 4861 1287 4926 aliisostendat
1303 4879 1484 4942 ‚perquem
1493 4865 1625 4928 modum
1636 4867 1722 4932 Dens
1732 4868 1851 4931 dicitnr

212 4946 330 5012 diiinm
342 4943 509 5029 potestatis
522 4941 666 5006 allectus.
1060 4959 1119 5004 uos
1132 4946 1268 5005 tentare.
1300 4957 1440 5021 gnorare
1456 4945 1565 5006 antem
1582 4947 1634 5008 iel
1647 4947 1795 5010 dubitare
1809 4947 1849 5010 de

253 5024 303 5089 ad
326 5027 458 5090 tertium
480 5021 651 5087 dicendum
669 5019 756 5101 qnbd
781 5019 1006 5101 predicatores
1060 5020 1110 5084 liis
1124 5038 1197 5101 qne
1217 5021 1380 5101 pertinent
1398 5020 1438 5084 ad
1452 5021 1509 5084 lle‘i
1526 5023 1776 5104 perlectionem,
1801 5031 1852 5090 est

212 5124 249 5171 re
295 5106 387 5170 illei
409 5122 452 5168 ex
467 5099 586 5184 magea
602 5100 792 5164 necessitate
813 5102 845 5163 et
870 5099 1007 5164 utilitate
1060 5105 1238 5181 peccatum.
1262 5099 1350 5162 Unde
1366 5099 1574 5165 manifestum
1597 5108 1646 5167 est
1658 5105 1746 5184 qnbd
1771 5107 1850 5168 ten-

214 5203 256 5251 sn
278 5185 361 5252 sidia
372 5189 438 5249 tom
480 5180 839 5261 raliapratermittnnt,
856 5184 894 5242 nt
906 5181 1008 5243 verbo
1059 5186 1129 5244 tare
1142 5181 1245 5242 Deum
1259 5178 1300 5242 ad
1323 5179 1385 5243 boc
1403 5179 1489 5260 qubd
1503 5181 1573 5262 ipse
1586 5184 1714 5247 tentans
1726 5201 1849 5268 eogno-

212 5265 272 5330 Dsi
286 5265 426 5346 expediti
480 5264 617 5326 vacent:
632 5263 666 5322 et
678 5259 749 5322 ided
761 5259 790 5322 si
802 5259 863 5322 soli
873 5261 942 5323 Deo
954 5259 1008 5321 in-
1060 5263 1129 5322 scat
1142 5258 1200 5322 liei
1211 5259 1375 5336 virtutem,
1391 5261 1441 5322 est
1453 5264 1632 5340 peccatum.

214 5345 373 5422 nitantur,
389 5361 456 5407 uon
472 5359 515 5406 ex
536 5340 599 5403 boe
626 5341 751 5404 tentant
765 5338 884 5414 Deum;
901 5339 956 5402 sed
979 5339 1025 5402 si.
1100 5339 1132 5401 Si
1149 5339 1222 5418 quis
1243 5343 1352 5402 autom
1375 5338 1414 5403 ad
1435 5339 1497 5402 boe
1518 5343 1776 5423 experimentum
1794 5361 1850 5408 su-

214 5428 340 5506 absqne
364 5425 524 5496 utilitate,
559 5419 611 5481 iel
637 5419 844 5493 necessitate,
864 5419 1007 5482 bumana
1059 5423 1127 5484 mat
1153 5436 1266 5481 eornm
1291 5435 1365 5498 qum
1384 5418 1425 5482 ad
1451 5419 1595 5484 divinam
1621 5421 1849 5502 perlectionem

215 5505 362 5572 subsidia
371 5501 569 5574 desererent,
579 5501 741 5560 tentarent
754 5498 868 5560 Deum.
877 5497 965 5562 Unde
975 5503 1008 5562 et
1059 5499 1232 5579 pertinent,
1248 5516 1313 5560 non
1330 5500 1367 5560 ut
1380 5499 1449 5578 ipse
1462 5507 1646 5581 cognoscat,
1661 5503 1718 5566 sed
1729 5507 1766 5566 ut
1777 5503 1851 5568 aliis

216 5579 551 5668 semiunciarum
563 5581 675 5642 coena
689 5577 856 5651 Faustum,
870 5593 941 5657 cap.
954 5575 1005 5653 ae,
1059 5579 1275 5654 demonstret3
1289 5578 1351 5641 boc
1364 5594 1430 5640 non
1450 5583 1501 5641 est
1512 5583 1636 5645 tentare
1650 5582 1765 5658 Deum,
1775 5580 1851 5648 cilin

218 5659 647 5745 imed.,qubdl’oulusuoa
696 5655 924 5738 pitpuusiuoa
938 5673 1007 5720 cre·
1060 5659 1165 5723 subsit
1183 5659 1272 5741 justa
1295 5657 1490 5733 necessitas,
1517 5677 1576 5722 sen
1599 5661 1653 5740 pia
1668 5663 1851 5740 utilitas,et

215 5745 317 5810 dendo
333 5745 370 5809 iu
385 5745 502 5812 Deum,
518 5738 620 5802 redae
673 5744 901 5806 cumteuturst,
918 5737 945 5800 εἰ
955 5737 1007 5819 [ιι-
1059 5741 1125 5804 alia
1140 5755 1213 5819 qum
1226 5738 1266 5804 ad
1282 5738 1343 5801 boc
1355 5754 1548 5802 concurrere
1560 5738 1686 5805 debent.
1702 5742 1754 5806 Sic
1764 5743 1851 5807 enim

215 5845 286 5916 pere
298 5822 463 5890 uetuisset,
479 5818 606 5883 cumeis
620 5817 1007 5902 superposueramus
1061 5819 1205 5902 Apostoli
1219 5815 1435 5902 petiveruntd
1449 5818 1604 5907 Domino,
1627 5826 1664 5883 ut
1677 5821 1710 5885 in
1723 5822 1852 5890 nomina

351 5925 487 5994 sim.
505 5920 560 5988 111.
1400 5921 1410 5994 i
1420 5915 1667 6004 licut-quotu.)
