4080 6346
175 407 245 464 roes
304 373 307 382 ’
713 403 850 480 punse.
871 401 973 460 cxcv.
993 401 1037 457 os
1056 403 1271 464 nouusrern.
1402 357 1409 367 ⁸
1708 395 1710 403 '
1746 415 1816 490 epse

173 520 395 586 recondantur
413 519 454 583 ab
473 518 522 581 his
537 513 593 598 qul
620 527 758 598 possunt
779 533 907 578 nocere.
931 515 972 576 Et
1021 515 1816 612 Etbic.,capuit,inmed.,qubdoereooodooooo

172 602 247 664 tude
261 601 358 664 etiam
372 597 515 678 estquod
532 596 691 679 quantiam
707 598 746 660 ad
766 596 887 674 aliquid
902 611 971 658 ma·
1023 605 1068 658 est
1082 597 1215 661 hominos
1226 599 1371 662 studiosi.

172 683 221 762 gis
237 677 969 758 verecundamurapersonisconjunetis,cum
1062 678 1251 756 Respondeo
1273 680 1442 743 dicendum
1464 681 1560 761 qubd,
1586 683 1668 748 sicut
1694 686 1814 750 dietum

171 762 291 840 quibus
322 777 388 822 sem
412 776 448 820 er
472 776 584 821 snmus
612 758 853 829 conversaturi,
874 755 967 834 quasi
1023 760 1071 820 est
1085 761 1145 818 art.
1161 761 1176 819 t
1193 759 1255 820 et2
1268 760 1335 842 huj.
1351 777 1422 840 qu.,
1441 764 1635 828 verecundia
1655 770 1703 828 est
1716 767 1810 830 timor

171 859 215 904 ex
243 841 304 902 hoc
331 777 425 902 noble
450 845 640 918 perpetuum
668 839 838 917 proveniat
865 835 970 896 detri-
1023 837 1158 918 alicujus
1188 840 1406 918 turpitudinis.
1430 841 1521 916 Quod
1552 846 1659 906 autem
1683 845 1814 926 aliquod

171 928 335 996 mentum3
359 920 445 1003 qood
464 924 571 982 autem
587 918 735 997 provenit
753 915 773 980 b
788 916 967 997 peregrinis
1021 915 1143 978 malum
1157 935 1223 980 non
1237 921 1399 995 timeatur,
1421 925 1527 1000 potest
1547 929 1679 1004 propter
1701 923 1812 1006 dupli-

171 999 574 1080 et11·anseantibus,qoasl
588 999 650 1061 citb
664 997 846 1077 pertransit.
1021 1013 1090 1058 cem
1110 999 1269 1061 rationem
1284 1001 1470 1081 contingere
1494 1021 1502 1062 r
1526 1018 1593 1066 uno
1614 1005 1721 1080 modo,
1735 1005 1811 1086 quia

213 1081 260 1142 Ad
279 1083 416 1162 primum
437 1099 515 1162 ergo
542 1079 712 1141 dicendum
741 1075 827 1157 qabd
853 1072 966 1137 similis
1020 1079 1315 1141 nonestimaturut
1328 1081 1533 1152 malum3alin
1545 1083 1649 1155 modo,
1661 1086 1812 1162 quianon

171 1162 256 1224 ratio
270 1166 317 1222 est
334 1165 574 1242 propterquam
590 1157 846 1220 verecundamur
854 1155 892 1216 de
907 1172 969 1216 rno-
1020 1157 1195 1220 aesthoatur
1208 1163 1244 1220 ut
1261 1161 1412 1239 possibile
1427 1161 1499 1236 sibi,
1515 1162 1565 1226 vel
1578 1167 1613 1224 ut
1625 1163 1751 1226 difficile
1766 1167 1811 1227 vi·

171 1241 307 1303 lioribns
322 1251 352 1304 et
369 1241 469 1322 magis
484 1239 674 1320 conjunctis,
699 1237 776 1316 quia
798 1237 880 1298 sicut
901 1253 966 1296 me-
1017 1237 1081 1298 tari
1093 1237 1320 1302 retsecundhm
1332 1240 1743 1306 boererceondiadeheitio
1755 1247 1810 1308 ali·

171 1321 290 1383 liorum
305 1320 523 1384 testimonium
542 1323 711 1398 reputetur
733 1318 834 1395 magis
851 1313 965 1376 efficax
1018 1333 1084 1396 qno
1096 1317 1276 1398 dupliciter.
1294 1319 1362 1382 Uno
1376 1319 1481 1392 modo,
1495 1321 1572 1400 quia
1595 1339 1719 1402 eaquae
1736 1331 1810 1390 sunt

194 1401 532 1480 repteruniversalem
554 1397 768 1478 cognitionem
792 1413 889 1476 quam
905 1395 967 1457 ha·
1018 1398 1256 1473 erubescibilia‚
1282 1415 1348 1460 non
1373 1399 1659 1478 apprehenduntur
1680 1406 1716 1464 ut
1740 1410 1808 1465 tur*
1892 1408 1898 1423 “

170 1420 248 1544 lent
263 1482 301 1544 de
316 1483 425 1554 rebus,
439 1483 471 1541 et
492 1477 724 1539 immutabilem
740 1471 965 1538 sententiamit
1017 1473 1071 1616 pia
1088 1497 1096 1536 ε
1115 1482 1146 1540 et
1158 1479 1219 1542 hoc
1230 1479 1329 1540 modo'
1338 1481 1448 1542 carent
1459 1479 1652 1544 verecundia
1665 1483 1811 1548 homines

170 1562 305 1623 veritate
323 1581 330 1620 :
348 1561 392 1624 ita
407 1560 503 1621 etiarn
523 1557 729 1619 familiarium
751 1571 964 1634 personarum
1032 1559 1210 1634 opeccatis
1232 1558 1427 1636 profundari,
1450 1559 1568 1638 quibus
1597 1577 1656 1624 soa
1680 1567 1811 1642 peccata

168 1633 965 1720 testimoninmvideturmagisellicarpropterhoo
1017 1651 1084 1700 non
1099 1637 1278 1716 displicent,
1296 1639 1351 1700 sed
1371 1639 1473 1720 magis
1490 1639 1585 1702 decis
1599 1641 1790 1720 gloriantur.

170 1714 964 1802 qnianragiscognoscuntparticularia,quaecirca
1058 1715 1128 1777 Alio
1145 1718 1250 1792 modo,
1269 1719 1346 1798 quia
1362 1719 1689 1798 nonapprehendunt
1704 1723 1811 1804 torpi-

171 1818 230 1861 nos
246 1808 332 1862 sunt.
1015 1795 1160 1857 tudinem
1185 1801 1222 1858 ut
1247 1799 1434 1877 possibilem
1458 1799 1530 1874 sibi,
1555 1801 1604 1861 vel
1629 1803 1723 1880 quasi
1745 1821 1811 1866 nou

212 1880 258 1942 hd
273 1879 449 1942 secundum
460 1875 628 1940 dicendum
641 1873 727 1955 qubd
745 1873 963 1936 testimonium
1017 1873 1109 1937 iacilb
1128 1877 1311 1940 vitabilem:
1332 1883 1361 1940 et
1387 1877 1448 1941 hoe
1466 1879 1561 1941 modo
1576 1897 1669 1942 senes
1686 1886 1717 1943 et
1739 1883 1812 1946 vir·-

170 1976 282 2022 eorum
292 1961 346 2040 qui
358 1962 432 2022 sunt
443 1955 746 2038 nobisconjunctiin
756 1953 963 2015 similitudine
1016 1955 1101 2016 tuosi
1116 1957 1309 2021 vererunditl
1325 1961 1453 2032 carcot;
1473 1961 1549 2020 sunt
1565 1963 1671 2022 tanim
1688 1961 1734 2024 sie
1749 1963 1812 2026 dis·

169 2041 304 2119 peccati,
318 2059 383 2102 noo
394 2037 649 2112 reformidamus,
664 2036 816 2117 quianon
827 2033 964 2096 oestima-
1016 2035 1125 2115 positi,
1141 2043 1176 2096 ut
1193 2037 1218 2098 si
1236 2039 1266 2098 in
1281 2039 1327 2100 eis
1341 2043 1425 2098 esset
1438 2039 1558 2116 aliquid
1575 2042 1680 2118 turpe,
1697 2041 1734 2102 de
1751 2041 1812 2104 hoe

169 2137 241 2181 mus
253 2119 505 2198 qubddelectum
515 2122 663 2182 nostrum
676 2115 964 2196 apprehendantut
1016 2117 1325 2179 verecundarentur.
1342 2116 1430 2180 Unde
1449 2119 1662 2198 Philosophus
1680 2121 1755 2184 dicit
1777 2122 1810 2184 in

171 2200 293 2276 aliquid
306 2205 410 2280 turpe.
1015 2191 1166 2268 tutore,
1181 2215 1251 2275 cap.
1268 2197 1339 2270 ult,
1361 2198 1400 2259 ad
1422 2197 1491 2271 tim,
1519 2199 1604 2278 quod
1625 2200 1811 2264 uerecundia

211 2279 258 2339 Ad
281 2281 410 2342 tertium
434 2275 602 2342 dicendum
630 2274 717 2356 qubd
742 2271 762 2338 a
783 2271 965 2354 propalan-
1017 2285 1061 2336 est
1076 2294 1115 2335 ec
1131 2277 1348 2356 suppositione
1365 2277 1510 2338 studiosi.

169 2359 256 2420 tibus
285 2357 542 2422 verecundamur
578 2359 710 2435 propter
735 2355 964 2415 nocumentum
1057 2353 1104 2416 bd
1127 2356 1266 2434 primum
1286 2374 1362 2436 ergo
1380 2357 1549 2418 dicendum
1567 2357 1652 2436 qubd
1670 2359 1810 2422 delectus

170 2438 244 2500 inde
267 2439 473 2520 proveniens,
499 2438 585 2518 quod
609 2441 657 2498 est
682 2433 858 2497 diffamatio
879 2429 963 2512 apud
1016 2435 1385 2516 verecundimcontiogit
1406 2436 1438 2498 in
1459 2438 1604 2517 pessimis
1629 2443 1660 2500 et
1680 2439 1810 2518 optimis

170 2519 299 2582 multos.
369 2529 373 2532 “
1015 2515 1094 2578 viris
1107 2533 1147 2575 ex
1161 2515 1293 2578 diversis
1309 2516 1429 2590 censis,
1440 2520 1476 2578 ut
1490 2517 1608 2578 dictum
1619 2525 1667 2580 est
1678 2520 1710 2580 in
1720 2537 1808 2598 corp.

211 2599 257 2660 hd
273 2606 426 2678 quartum
441 2595 609 2662 dicendum
626 2593 822 2674 quodetiam
838 2593 879 2652 ab
901 2589 963 2652 illis
1015 2593 1183 2658 Invenitur
1198 2600 1305 2658 autem
1320 2597 1352 2658 in
1368 2597 1416 2657 his
1431 2597 1486 2676 qui
1496 2597 1697 2660 mediocriter
1709 2616 1743 2660 se
1754 2600 1812 2662 ha-

168 2677 254 2740 lnter
275 2694 356 2757 quos
381 2677 461 2740 nihil
485 2677 561 2740 mali
589 2675 732 2747 iacimus,
755 2672 856 2750 magis
873 2685 965 2764 vere-
1015 2675 1104 2748 bent,
1126 2674 1301 2736 secundhm
1325 2676 1410 2755 qubd
1430 2682 1478 2739 est
1500 2676 1534 2738 in
1556 2678 1601 2740 eis
1622 2676 1744 2756 aliquid
1773 2677 1812 2739 de

170 2759 964 2842 cundamurpropternocumentumsequensque
1017 2770 1128 2818 amore
1144 2754 1231 2826 boni,
1248 2759 1401 2824 ettamen
1419 2773 1484 2820 non
1499 2763 1575 2820 sunt
1587 2758 1727 2821 totaliter
1744 2755 1812 2820 im-

170 2838 291 2902 sciticet
305 2837 432 2916 porhoc
448 2835 621 2898 amittimus
644 2835 762 2894 bonam
779 2831 964 2908 opinionem
1016 2853 1130 2898 munes
1146 2832 1276 2897 amalo,

170 2934 270 2994 quam
287 2917 325 2978 dc
341 2917 433 2978 nohis
449 2916 622 2986 habebant,
639 2916 670 2974 et
687 2912 783 2974 etiam
799 2910 876 2988 quia
890 2927 965 2970 eon·
1057 2914 1103 2976 Ad
1117 2915 1472 2980 secundumoicenoum
1486 2915 1620 2996 qubdad
1631 2917 1812 2981 virtuosum

170 2997 271 3060 traria
287 2997 376 3059 'uxta
389 3015 423 3062 se
437 2996 541 3074 posita
556 2991 679 3056 nra‘ora
694 2991 853 3054 videntur.
876 2989 965 3051 Unde
1017 2995 1156 3074 pertinet
1171 3013 1236 3056 non
1252 2993 1357 3060 soliun
1376 2998 1477 3060 vitare
1491 2997 1580 3072 vitia,
1596 2997 1760 3060 sedetiam
1774 3015 1813 3060 ea

171 3073 244 3140 chm
259 3017 376 3169 aliquis
400 3073 506 3138 subito
529 3073 567 3136 dc
589 3013 698 3153 aliquo
723 3088 819 3150 quem
844 3071 964 3132 bonum
1017 3092 1090 3154 queo
1107 3075 1225 3136 hubent
1242 3077 1379 3154 speeiem
1394 3078 1556 3150 vitiorum,
1570 3076 1745 3140 secundino
1767 3077 1813 3138 il-

171 3157 351 3226 estimant,
362 3153 484 3232 aliquid
496 3159 587 3232 turpe
597 3151 742 3232 percipit,
756 3149 966 3228 apprehendit
1016 3152 1072 3214 lud
1086 3155 1100 3216 1
1116 3155 1337 3215 Thessalooie.
1352 3153 1381 3227 5,
1397 3156 1436 3215 22
1448 3178 1454 3215 :
1465 3155 1603 3217 dhone-rei
1618 3158 1716 3249 speeie
1733 3157 1814 3218 ossolet

171 3235 233 3298 boc
244 3239 281 3297 ut
295 3235 435 3314 turpior.
451 3235 498 3295 Ab
514 3233 576 3296 illis
592 3236 701 3294 autem
725 3229 741 3294 d
767 3231 884 3308 quibus
899 3229 967 3292 ali-
1018 3231 1253 3304 abscinderem
1269 3239 1300 3294 et
1312 3235 1526 3315 Philosophus
1537 3237 1612 3298 dicit
1624 3255 1657 3298 ro
1668 3235 1811 3308 turrile,

171 3315 302 3396 quidde
323 3331 406 3376 novo
424 3315 637 3394 postulamus,
656 3311 706 3374 vel
721 3327 860 3404 quorum
880 3326 967 3371 nunc
1018 3329 1089 3392 cap.
1106 3313 1178 3387 alh,
1195 3313 1279 3390 qubd
1300 3313 1429 3376 citando
1443 3322 1516 3376 seint
1537 3317 1679 3378 virtuoso
1703 3324 1764 3378 troo
1779 3333 1814 3376 eu

173 3394 276 3474 primb
291 3395 440 3459 volumus
456 3413 525 3455 esse
539 3393 644 3466 amici,
657 3407 758 3528 mulges
769 3389 967 3481 verecunda·
1017 3411 1085 3476 quor
1098 3399 1172 3454 sunt
1186 3391 1267 3454 tietdo
1287 3391 1454 3454 secrcndioo
1470 3394 1640 3465 ceritatem,
1663 3393 1755 3478 qadm
1780 3414 1815 3456 ea

174 3493 247 3535 mur
263 3479 395 3554 propter
418 3475 647 3535 nocumentum
662 3469 736 3531 inre
758 3485 965 3547 proveniens,
1018 3491 1086 3556 que
1099 3480 1171 3534 sont
1184 3469 1266 3533 neoto
1281 3471 1449 3534 secscodsim
1464 3475 1653 3554 opinionem.

173 3555 260 3632 quod
274 3559 323 3617 est
337 3553 599 3634 impedimentum
614 3548 782 3629 implendae
792 3547 966 3628 petitionis,
1059 3552 1106 3614 Ad
1123 3553 1251 3614 tertium
1266 3551 1434 3616 dicendum
1448 3554 1534 3694 quod
1549 3552 1772 3618 iaiamationes
1783 3558 1816 3618 et

175 3629 651 3698 etamicitiaeconsammandae.
758 3683 801 3714 .·
946 3705 953 3720 .
1020 3631 1439 3714 opprob1·iavirtuosus,ut
1472 3631 1813 3716 intumestart.thuj.

174 3714 476 3776 herroneus1v.·-
501 3709 614 3774 otram
642 3708 734 3772 etiam
756 3707 792 3769 io
818 3707 968 3774 virtuosos
1020 3731 1101 3793 qu.,
1124 3711 1163 3775 ad
1192 3713 1235 3786 1,
1262 3713 1461 3790 contemnit,
1493 3715 1587 3793 quasi
1622 3731 1660 3778 ca
1694 3713 1814 3794 quibus

215 3792 390 3876 horninibus
394 3792 498 3872 possit
510 3811 570 3852 esse
581 3785 905 3868 verecundie—(Psoi.
916 3785 966 3862 ld,
1020 3791 1090 3872 ipso
1101 3810 1166 3856 non
1181 3796 1230 3854 est
1244 3793 1359 3872 dignus
1371 3814 1378 3866 ;
1391 3797 1421 3856 et
1437 3793 1507 3854 ideb
1523 3795 1618 3856 etiam
1634 3812 1693 3858 nec
1711 3794 1750 3856 de
1762 3793 1813 3855 his

218 3883 245 3936 et
260 3871 279 3933 h
295 3871 417 3940 lituis..
435 3869 504 3932 lect.
521 3869 582 3952 li.)
1020 3867 1158 3936 multum
1175 3871 1486 3936 verecundatur.Est
1497 3877 1602 3936 tomen
1614 3873 1731 3952 aliquis
1744 3890 1817 3935 mo-

217 3953 264 4013 Ad
292 3955 443 4031 quartum
475 3951 521 4014 sie
554 3947 748 4028 proceditur.
777 3948 805 4009 1.
832 3945 969 4009 Videtur
1021 3955 1073 4014 tus
1092 3951 1291 4014 verecundia
1314 3953 1514 4031 preveniens
1541 3953 1710 4029 rationem,
1733 3953 1816 4018 sicut

175 4032 261 4114 qood
277 4030 415 4096 etiamin
428 4029 773 4094 virtuosishominibus
785 4026 887 4106 possit
899 4044 970 4088 esse
1022 4036 1054 4094 et
1068 4036 1256 4094 ceterarum
1274 4032 1474 4111 passionum.

178 4113 381 4178 verecundia.
422 4107 665 4174 Contrariorum
699 4107 785 4172 enim
816 4106 971 4170 contrarii
1062 4112 1111 4176 Ad
1138 4117 1290 4190 quartum
1312 4112 1482 4176 dicendum
1507 4111 1593 4194 qubd
1620 4111 1817 4178 verecundia

177 4195 253 4256 sunt
271 4189 414 4256 ollactus.
437 4189 496 4254 Sed
512 4189 557 4254 illi
579 4189 634 4268 qui
662 4191 736 4252 sunt
761 4187 971 4266 superabun-
1022 4197 1152 4256 nonest
1169 4210 1243 4271 pars
1263 4194 1494 4272 temperantias,
1510 4191 1602 4271 quasi
1619 4194 1742 4256 intrans
1762 4211 1818 4256 es-

175 4271 280 4336 dantis
290 4271 431 4346 malitiae,
443 4289 509 4332 non
519 4261 971 4359 verecundanturmecuodqim
1022 4273 1161 4336 spuriam
1185 4272 1267 4351 ejus,
1293 4273 1350 4336 sed
1374 4272 1469 4352 quasi
1494 4272 1680 4352 dispositive
1706 4292 1740 4336 ,0
1760 4272 1818 4335 ha.

176 4352 255 4416 illud
269 4353 357 4416 Hier.
378 4350 408 4425 3,
434 4350 479 4412 3:
504 4351 532 4414 F
535 4368 611 4414 rotis
633 4346 774 4410 mulieris
800 4353 971 4408 meretricis
1023 4349 1101 4416 bens
1126 4349 1165 4415 ad
1195 4353 1327 4430 ipsam:
1358 4352 1442 4416 unde
1465 4352 1653 4415 Ambrosius
1685 4352 1760 4416 dicit
1784 4352 1818 4414 in

175 4433 318 4514 [actuosi
337 4429 394 4494 tihi
416 4451 426 4490 .·
453 4429 586 4494 uoluisti
604 4427 788 4491 erubescere.
813 4425 899 4506 Ergo
924 4424 970 4488 illi
1022 4431 1079 4494 lib.
1108 4433 1124 4493 1
1150 4431 1188 4493 de
1208 4431 1312 4506 Offic„
1337 4449 1407 4508 cap.
1437 4429 1488 4504 t3,
1516 4429 1601 4572 quod
1625 4432 1840 4496 verecundia,

175 4512 322 4591 quisunt
341 4511 475 4576 virtuosi
493 4505 877 4600 inagisverecnndqntur·
1021 4511 1099 4591 jacit
1131 4511 1237 4589 prima
1264 4511 1488 4590 temperantias
1536 4511 1746 4587 andanienta,
1784 4511 1818 4574 in

215 4591 246 4652 2.
261 4593 431 4666 Preterea,
449 4589 664 4666 Philosophus
689 4587 764 4678 dreit
778 4604 812 4648 m
833 4583 854 4646 2
880 4583 971 4646 Rho-
1046 4596 1182 4656 uentum
1200 4591 1321 4656 scilieet
1339 4590 1455 4660 incutit
1479 4589 1648 4656 horrorem
1675 4591 1819 4672 turpitu-

177 4679 252 4744 tor.,
272 4689 309 4734 ca
336 4716 343 4732 .
367 4671 397 4745 b,
414 4667 434 4734 a
449 4669 545 4745 mod,
563 4667 649 4748 qubtl
670 4665 808 4759 homenes
828 4682 972 4755 nense·
1023 4609 1118 4741 dinis.

173 4749 240 4815 lolm
256 4691 437 4816 ooalescens
459 4749 550 4819 citio,
566 4747 621 4841 sed
640 4754 732 4840 ehem
754 4762 849 4838 stpao
872 4751 973 4838 ostop-
1257 4771 1442 4848 QUAEfflO
1462 4770 1583 4835 CXLV·

175 4848 264 4924 ’ΨΜ
284 4849 356 4926 Ψ
381 4830 510 4924 quinem
537 4830 693 4923 ⁰9⁰t¹⁰3¹t
720 4827 817 4888 enam
841 4841 913 4888 ⁰⁵⁵⁰
937 4841 971 4896 ¹¹¹¹
1023 4873 1071 4936 lin
1094 4843 1405 4938 nossentne-ln
1448 4881 1565 4936 oatuor
1590 4871 1743 4936 articulos
1762 4869 1820 4936 di·-

177 4915 340 4976 vrrtaosrs.
368 4911 453 4992 Ergo
474 4929 507 4972 m
530 4912 680 4974 vutuosrs
698 4907 803 4985 poten
822 4920 892 4966 esse
915 4920 972 4968 vo-
1383 4891 1451 5016 vig

177 4989 463 5144 reqenffirffl,
492 5067 688 5137 verecundia
712 5067 762 5130 est
788 5063 885 5128 timor
913 5061 973 5124 in·
1064 5055 1458 5122 Deindeoonsiderandum
1473 5056 1571 5120 estde
1586 5046 1821 5120 honestateze't

174 5149 391 5230 gloriationis.
415 5149 475 5212 Sed
503 5149 611 5216 nontin
636 5148 660 5210 it
686 5145 815 5224 aliquos
851 5143 973 5209 virtue·
1025 5135 1111 5200 eirca
1136 5135 1198 5201 hoo
1217 5140 1409 5216 quaeruntur
1429 5141 1593 5215 quatuor:
1618 5131 1820 5214 1⁰quomodb

177 5247 231 5292 sos
243 5229 437 5311 ingloriosos
451 5247 533 5302 esse,
550 5165 634 5306 pull
647 5227 677 5292 si
701 5223 781 5290 ialsb
803 5223 974 5289 dillameu-
1025 5213 1196 5280 honestum
1208 5233 1243 5279 se
1258 5215 1376 5282 habeat
1389 5215 1602 5288 advirtutom;
1613 5215 1643 5276 2⁰
1655 5215 1818 5296 quomodo

177 5314 242 5386 tur,
265 5312 316 5376 vet
332 5311 429 5376 etiam
453 5305 582 5388 indigne
596 5305 772 5386 opprobria
794 5305 971 5383 patiantur.
1026 5315 1061 5362 se
1076 5295 1193 5359 habeat
1207 5297 1247 5360 ad
1258 5295 1429 5372 decorum3
1443 5296 1474 5356 3⁰
1484 5295 1645 5375 quomodo
1656 5313 1689 5357 se
1703 5294 1822 5358 babeat

177 5390 263 5470 Ergo
279 5389 474 5456 verecundia
489 5391 680 5469 potestesse
699 5385 733 5452 io
753 5383 883 5450 bomine
905 5383 974 5448 vir-
1026 5376 1066 5438 ad
1079 5375 1157 5520 ιιιὲὲο
1172 5381 1205 5438 et
1217 5377 1421 5519 delelqtabiie3
1439 5373 1470 5434 b⁰
1487 5371 1596 5438 utrbm
1614 5372 1765 5440 honestas
1780 5375 1843 5438 sit·

95 5491 108 5503 -
178 5473 285 5534 moso,
1025 5473 1102 5538 pars
1145 5473 1279 5536 mperan
1294 5475 1344 5525 rto.

179 5545 974 5710 nsshlzfdssgffiqffiffldssgffffi:{elffepffin
1027 5577 1209 5672 hunencus
1230 5595 1359 5674 miuus.
1382 5609 1422 5621 -
1445 5573 1558 5639 Utrum
1589 5573 1751 5638 honesturn
1780 5575 1823 5639 sit

174 5673 349 5792 sorbeatur
364 5709 386 5776 b
402 5716 481 5774 toto.
498 5671 910 5804 Cirmergo‘temperantia
934 5703 976 5766 s'it
1066 5657 1149 5799 §deff
1157 5654 1452 5818 ῧῖηῇὴῶώιημ
1467 5663 1529 5718 ‘m'
1546 5653 1578 5731 ξ’
1605 5671 1706 5739 ⁶⁰'P‘'
1732 5663 1760 5720 ‘t
1783 5653 1824 5718 “d

176 5809 211 5852 m
229 5793 532 5869 bominevirtuoso,
551 5791 678 5856 videtur
698 5785 784 5870 qobd
805 5789 976 5850 etramvo·
1019 5869 1023 5878 Ι
1091 5783 1099 5815 ’
1157 5807 1179 5876 '.
1256 5784 1311 5873 ἰ
1465 5857 1472 5874 .
1625 5856 1632 5873 ⁶
1903 5837 1908 5842 .

177 5872 348 5938 recondis.
1019 5884 1024 5895 ·
1068 5860 1116 5928 hd
1131 5879 1270 5944 primurn
1285 5877 1333 5924 sic
1345 5857 1539 5938 procedetur.
1551 5857 1581 5922 1.
1594 5857 1728 5925 Videtur
1737 5857 1823 5938 qubd

218 5952 281 6048 bed
293 5955 410 6016 maha
420 5955 472 6014 est
484 5951 573 6016 cuod
585 5949 799 6022 Philosophus
809 5945 886 6013 dicit
902 5945 936 6010 in
956 5941 977 6006 lv
1029 5939 1201 6010 honestum
1229 5959 1293 6006 non
1320 5940 1361 6005 su
1388 5939 1472 6008 idem
1491 5938 1614 6010 virtuti·
1637 5938 1721 6046 llicit
1737 5938 1826 6002 enim
