4056 6340
248 377 318 440 rma
704 377 833 436 sottum
852 375 1078 434 vtetuotuolcm
1096 374 1252 434 SECUNDA
1271 377 1449 438 SECUNM.
1816 384 1881 442 {350

246 495 473 560 alienationem
502 492 686 571 patiuntur;
713 488 855 554 seeundo
876 487 970 550 modo
996 507 1037 552 ex
1091 511 1107 550 ιι
1129 489 1362 553 etinieriorum
1375 490 1487 556 oblita.
1505 515 1520 552 r
1538 493 1598 556 Sed
1616 499 1878 574 pavorterreno-

247 576 367 636 virtute
381 574 574 643 daemonum,
588 570 671 632 sicut
690 573 778 662 patet
789 569 822 630 in
842 568 1034 646 arreptitiis;
1091 585 1163 629 rum
1179 569 1219 631 ad
1231 568 1381 632 affectum
1399 572 1546 652 pertinet.
1562 573 1646 654 Ergo
1657 574 1752 636 etiam
1768 581 1877 652 raptus

245 654 341 716 tertio
356 652 449 714 modo
459 667 502 712 ex
514 646 760 720 virtutedivmd,
774 651 805 709 et
819 647 1036 725 sicloquimur
1090 647 1206 710 mentis
1221 648 1260 710 ad
1274 667 1427 727 superna,
1442 652 1498 729 qui
1514 669 1556 714 ex
1572 654 1722 732 opposito
1736 655 1876 732 ponitur,

246 750 335 794 nune
347 731 385 794 de
402 737 510 808 raptu,
529 732 626 807 prout
640 727 760 790 scilicet
779 725 895 803 aliquis
918 725 1035 805 spiritu
1091 727 1229 805 pertinet
1241 729 1282 789 ad
1296 727 1455 791 allectum.

244 811 354 874 divino
362 810 506 872 eleratur
515 807 555 870 ad
567 807 676 884 aliqua
686 805 946 884 supernaturalia
960 822 1033 865 eum
1129 803 1187 868 Sed
1202 812 1314 870 contra
1328 807 1473 888 estquod
1486 808 1674 888 superillud
1716 811 1776 872 sal.
1794 811 1853 872 lt'b
1869 833 1876 870 :

245 889 462 952 abstractione
498 883 517 950 d
553 887 714 958 sensibus,
752 879 927 945 secundum
954 883 1033 945 illud
1089 880 1295 962 Euodiuiia
1316 829 1774 950 excessumeoromaisfft'emo
1792 907 1877 952 meu-

244 967 359 1032 Ezecb.
372 966 403 1039 8.
417 966 435 1026 3
451 986 459 1026 :
473 965 613 1044 Spiritus
628 963 755 1026 elevavit
769 981 815 1024 me
832 962 1033 1024 intercutem
1090 959 1173 1034 dax,
1203 963 1277 1026 dicit
1307 965 1421 1028 Glossa
1448 963 1541 1046 (ord.
1566 967 1672 1046 Aug.)
1691 1010 1699 1027 .
1718 991 1732 1024 ι
1755 967 1877 1031 Dicitur

244 1055 274 1108 et
291 1057 415 1114 taram,
434 1052 462 1106 et
481 1044 615 1106 adduxit
633 1061 678 1104 me
696 1043 732 1104 ia
747 1039 920 1102 Jerusalem
934 1041 969 1103 io
985 1040 1038 1103 oi-'
1090 1062 1105 1098 ι
1128 1043 1261 1114 extasis,
1277 1041 1349 1105 edm
1375 1062 1464 1106 mens
1482 1061 1547 1106 non
1571 1062 1690 1123 pavore
1705 1046 1874 1122 alienatur,

243 1125 331 1187 sioru
346 1125 416 1188 net.
1090 1141 1105 1178 ι
1129 1121 1182 1182 sed
1197 1121 1308 1200 aliqud
1337 1123 1547 1202 inspiratione
1569 1124 1773 1187 revelationis
1798 1144 1876 1187 sur-

208 1223 212 1244 ·,
283 1203 453 1267 Sciendum
471 1206 578 1266 tamen
592 1199 678 1280 qubd
692 1199 762 1278 rapi
774 1197 969 1277 quandoque
985 1197 1033 1261 di·
1090 1195 1199 1260 «sdm
1221 1203 1407 1263 assumitur.
1435 1201 1532 1264 »Sed
1556 1202 1710 1264 revelatio
1738 1205 1874 1282 pertinet

243 1284 328 1346 citur
351 1281 468 1362 aliquis
497 1298 561 1343 non
590 1277 694 1340 soldm
718 1283 850 1358 propter
866 1277 1033 1340 alienatio·
1089 1277 1127 1340 ad
1138 1278 1202 1339 vim
1214 1280 1449 1344 intellectivam.
1462 1281 1547 1361 Ergo
1560 1283 1591 1343 et
1603 1281 1723 1344 extasis
1736 1281 1805 1345 sive
1816 1300 1874 1345 ra·-

243 1381 318 1424 nem
331 1359 351 1424 d
364 1361 528 1432 sensibus,
542 1357 706 1422 sedetiam
744 1361 850 1434 ropter
863 1356 1033 1418 alienatio·
1089 1359 1173 1435 ptus.

243 1457 318 1502 nem
339 1443 381 1503 ab
404 1439 453 1500 bis
480 1439 598 1516 quibus
624 1376 832 1507 intendebam
854 1435 937 1496 sicut
959 1431 1031 1496 edm
1126 1435 1314 1514 Respondeo
1329 1437 1497 1500 dicendum
1510 1435 1752 1516 quddderaptu
1765 1438 1874 1517 dupli-

242 1518 362 1598 aliquis
386 1519 508 1598 patitur
532 1515 753 1594 evagationem
776 1513 1032 1592 mentispraeter
1087 1512 1166 1577 citer
1176 1515 1266 1593 loqui
1278 1533 1449 1594 possumus
1465 1533 1551 1578 :uno
1560 1516 1656 1578 modo
1665 1516 1821 1596 quantdm
1835 1518 1873 1578 ad

243 1594 527 1676 propositum..Sed
540 1595 601 1659 boo
617 1593 740 1655 nonita
756 1589 885 1670 proprie
902 1591 1031 1654 dicitur.
1087 1591 1117 1652 id
1132 1593 1166 1656 in
1181 1594 1266 1673 quod
1280 1595 1398 1672 aliquis
1415 1595 1550 1674 rapitur,
1570 1596 1662 1658 etsie
1678 1595 1807 1675 proprie
1821 1597 1873 1656 lo-

282 1676 329 1738 ild
344 1677 484 1756 primum
498 1693 533 1736 er
555 1672 756 1734 adicendum
776 1671 862 1749 qubd
883 1671 1032 1733 naturale
1086 1671 1226 1748 quendo,
1244 1677 1356 1752 raptus
1369 1691 1434 1735 non
1470 1679 1552 1736 otest
1565 1675 1727 1751 pertinere
1745 1674 1784 1736 ad
1812 1676 1872 1734 vim

241 1759 291 1818 cst
303 1755 424 1816 bomini
435 1757 471 1815 ut
481 1754 514 1813 in
526 1692 634 1814 «divim
645 1751 751 1812 tendat
762 1768 820 1842 per
830 1749 1031 1810 sensibilium
1086 1751 1303 1828 appetitivam,
1319 1751 1373 1816 sed
1388 1693 1493 1843 eoldus
1505 1753 1545 1814 ad
1553 1751 1813 1832 cognoscitivam.
1821 1754 1872 1814 bi-

240 1825 1029 1987 ttttlttttttfflerttlltstillas
1086 1831 1673 1988 titt?⁵t.t¹it¹.al..ttt.t.llll
1690 1836 1875 1988 tillidi

168 1997 173 2004 “
242 1925 1030 2078 intellectaconspiciuntur.seddstemodusmuod
1085 1985 1229 2064 rapitur:
1246 1929 1871 2066 ipscautemmotusappetitivlaevirtutis

242 2069 361 2148 aliquis
375 2068 518 2132 elevetur
531 2067 571 2128 ad
583 2066 690 2128 divina
715 2083 789 2128 cum
814 2065 1030 2126 abstractione
1085 2069 1134 2126 est
1150 2065 1296 2144 quaedam
1320 2065 1486 2128 inclinatio
1500 2067 1540 2130 ad
1557 2068 1710 2128 bonuma
1734 2068 1870 2144 petibile.

240 2145 438 2222 deensibus,
452 2163 518 2208 non
535 2147 583 2208 est
595 2145 718 2205 bomini
736 2143 904 2204 naturalis.
1084 2141 1184 2217 Unde,
1198 2143 1327 2223 proprie
1345 2146 1517 2223 loquendo,
1536 2164 1578 2207 ex
1592 2145 1654 2206 boe
1667 2085 1753 2224 qudo
1775 2147 1871 2206 borno

282 2226 330 2287 Ad
344 2225 520 2288 secundum
535 2223 705 2287 dicendum
723 2221 809 2300 qubd
832 2220 872 2282 ad
899 2220 1029 2282 modum
1085 2223 1205 2300 appetit
1219 2223 1353 2302 aliquid,
1368 2241 1433 2284 non
1449 2224 1585 2302 rapitur,
1601 2223 1656 2286 sed
1673 2241 1732 2302 per
1750 2242 1785 2286 se
1799 2243 1873 2285 mo-

241 2303 623 2386 etdignitatcm-bominis
637 2301 775 2380 pertinet
788 2299 873 2378 qubd
893 2297 932 2361 ad
947 2299 1032 2360 divi-
1083 2306 1187 2362 vetur.
1211 2303 1283 2362 Alio
1300 2302 1393 2362 niodo
1416 2305 1520 2380 potest
1543 2301 1737 2365 considerari
1762 2307 1872 2381 raptus

241 2401 285 2446 na
298 2384 452 2456 elevetur,
468 2400 510 2445 ex
524 2382 585 2443 boc
595 2381 666 2458 ipso
688 2379 774 2458 qubd
802 2379 899 2448 bomo
927 2377 1028 2439 laetus
1084 2377 1241 2456 quantum
1256 2381 1295 2443 ad
1308 2397 1400 2442 suam
1416 2397 1547 2443 causam
1563 2400 1571 2440 ι
1595 2381 1686 2442 etsie
1702 2384 1807 2460 potest
1819 2383 1873 2444 ba·

241 2466 290 2524 est
311 2460 350 2524 ad
376 2461 550 2540 imaginem
570 2460 638 2521 Dei.
653 2459 694 2518 Et
716 2457 793 2535 quia
808 2458 927 2518 bonum
946 2455 1031 2518 divi·
1083 2455 1159 2519 bere
1173 2475 1304 2520 eausam
1319 2477 1360 2520 ex
1375 2464 1465 2538 parte
1478 2459 1657 2539 appetitiva
1673 2459 1809 2522 virtutis.
1823 2461 1871 2521 Ex

241 2557 320 2602 uum
333 2541 365 2601 iu
380 2540 540 2614 inlinitum
554 2537 679 2600 excedit
700 2536 874 2598 humanam
893 2535 1031 2598 iaculta-
1084 2533 1146 2597 hoc
1157 2537 1242 2598 enim
1263 2537 1332 2616 ipso
1346 2539 1430 2617 quod
1446 2539 1605 2616 appetitus
1621 2537 1660 2599 ad
1675 2537 1795 2616 aliquid
1812 2556 1873 2600 ve·-

239 2622 316 2694 tem,
332 2619 452 2698 indiget
467 2618 565 2679 bomo
576 2621 611 2677 ut
624 2614 914 2693 supernaturaliter
927 2613 967 2676 ad
988 2615 1031 2674 il-
1083 2611 1249 2677 humenter
1263 2616 1411 2689 afficitur,
1425 2616 1722 2695 potestcontingere
1732 2616 1817 2694 qubd
1831 2635 1871 2678 cx

239 2697 295 2759 lud
326 2700 447 2760 bonum
473 2695 704 2774 capessendum
734 2693 924 2772 adjuvetur:
943 2693 1030 2771 quod
1082 2692 1236 2756 violentia
1251 2694 1382 2758 allectis
1395 2697 1490 2756 bomo
1500 2697 1542 2756 ab
1550 2696 1698 2756 omnibus
1711 2695 1783 2757 aliis
1797 2696 1873 2756 alie-

209 2809 213 2818 ›
239 2774 276 2837 fit
296 2793 354 2856 per
371 2775 597 2855 quodcumque
619 2771 809 2836 benetie-ium
824 2771 943 2850 gratim.
967 2771 1030 2833 Un·
1083 2775 1189 2834 netur.
1217 2773 1322 2836 Habet
1346 2774 1442 2836 etiam
1467 2773 1616 2836 allectum
1640 2773 1674 2834 in
1700 2772 1873 2852 appetitiva

239 2852 280 2916 de
293 2853 379 2933 qudd
391 2856 438 2916 sio
453 2855 596 2916 elevetur
609 2869 699 2914 mens
712 2847 732 2913 a
744 2851 810 2912 Deo
820 2868 878 2927 per
888 2854 1028 2928 raptum,
1083 2850 1212 2918 virtuto,
1229 2847 1303 2914 edm
1319 2853 1439 2914 scilieet
1453 2853 1571 2930 aliquis
1589 2852 1808 2915 delectaturiu
1823 2851 1872 2912 bis

240 2949 308 2994 non
322 2935 371 2994 est
384 2935 496 2996 contra
516 2937 677 3005 naturam,
698 2929 752 2990 sed
771 2945 871 3006 supra
893 2926 1031 2990 faculta-
1083 2929 1123 2989 ad
1145 2945 1217 3005 qum
1234 2931 1369 3010 rapitur.
1385 2930 1473 2992 Unde
1495 2935 1527 2992 et
1545 2931 1718 3008 Apostolus
1739 2930 1821 2991 dixit
1838 2948 1873 2991 se
1999 2979 2000 2984 ,

240 3015 306 3072 tem
320 3014 454 3072 naturae.
1082 3011 1210 3085 raptum
1226 3027 1291 3069 non
1315 3005 1418 3070 solium
1438 3009 1477 3071 ad
1495 3009 1623 3070 tertium
1641 3007 1767 3082 coelum,
1788 3009 1871 3086 quod

281 3087 329 3150 td
340 3088 473 3150 tertium
484 3085 651 3149 dicendum
667 3083 753 3163 qubd
769 3085 901 3146 verbum
914 3083 1031 3148 Dama·
1084 3086 1222 3163 pertinet
1254 3089 1294 3150 ad
1328 3088 1629 3166 contemplationem
1665 3087 1870 3160 intellectus,

241 3167 330 3230 sceui
353 3171 401 3230 est
415 3165 656 3246 intelligendum
675 3160 832 3242 quantum
853 3163 892 3225 ad
907 3180 1031 3241 eaquae
1084 3164 1139 3225 sed
1151 3165 1247 3226 etiam
1261 3165 1293 3226 in
1307 3167 1503 3244 paradisum,
1519 3165 1604 3245 quod
1617 3167 1754 3244 pertinet
1767 3167 1807 3230 ad
1820 3167 1872 3230 al-

241 3249 319 3308 sunt
331 3263 390 3324 per
404 3244 567 3306 bominem
587 3241 747 3313 lacienda;
773 3239 931 3320 quantum
951 3241 1027 3303 verb
1083 3241 1211 3305 lectum.

240 3323 281 3386 ad
296 3341 335 3387 ea
349 3342 421 3403 quae
434 3322 592 3386 excedunt
602 3321 825 3383 liboriarbitrii
836 3320 1028 3394 facultatem,
1123 3321 1318 3414 ltprimum
1329 3339 1405 3402 ergo
1416 3321 1584 3384 dicendum
1597 3322 1682 3402 qubd
1698 3327 1810 3402 raptus
1820 3322 1872 3383 ad-

240 3419 373 3464 uecesse
387 3399 535 3481 estquod
547 3401 644 3462 bomo
657 3397 797 3478 quddam
811 3399 933 3460 fortiori
947 3415 1031 3476 ope-
1084 3397 1128 3460 dit
1143 3400 1263 3478 alequid
1284 3418 1382 3479 supra
1406 3401 1552 3463 extasim.
1572 3403 1652 3464 Nam
1668 3403 1789 3464 extasis
1811 3401 1872 3462 im-

240 3482 368 3542 ratione
389 3481 555 3544 elevetur:
571 3497 643 3558 qum
662 3477 792 3557 quidem
811 3475 969 3555 quantum
989 3476 1030 3538 ad
1084 3482 1191 3557 portat
1206 3479 1391 3558 simpliciter
1403 3497 1569 3540 excessum
1584 3477 1605 3542 a
1622 3479 1739 3558 seipso,
1755 3497 1872 3542 secun-

241 3559 364 3637 aliquid
395 3559 547 3621 otestdici
563 3557 698 3630 coactio,
712 3557 740 3618 si
755 3556 875 3617 scilicet
887 3555 1031 3618 attonda-
1084 3553 1159 3618 ddm
1174 3575 1269 3636 quem
1291 3559 1411 3620 scilicet
1429 3555 1545 3636 aliquis
1560 3563 1652 3620 extra
1674 3575 1766 3624 suam
1782 3558 1872 3620 ordi-

241 3640 296 3698 tur
310 3577 423 3700 motfus
440 3636 649 3716 operationis,
664 3651 729 3695 non
744 3641 854 3695 autem
875 3635 902 3696 si
917 3637 1030 3696 atten-
1086 3637 1249 3697 nationem
1275 3638 1429 3714 ponitur,
1460 3636 1515 3697 sed
1543 3640 1655 3714 raptus
1685 3654 1783 3714 super
1813 3637 1870 3696 hoc

240 3714 338 3780 datur
351 3715 507 3778 terminus
522 3713 732 3793 operationis,
753 3713 786 3772 in
802 3729 899 3790 quem
914 3715 1032 3776 natura
1085 3715 1171 3776 addit
1209 3715 1393 3776 violentiam
1425 3713 1608 3794 quamdam.
1638 3716 1743 3776 Potest
1777 3713 1873 3794 igitur

242 3793 382 3858 bominis
395 3798 426 3856 et
440 3792 509 3875 ejus
524 3793 659 3855 intentio
674 3791 852 3853 ordinatur.
1085 3791 1205 3855 extasis
1227 3791 1266 3853 ad
1287 3793 1348 3852 vim
1367 3793 1572 3870 appetitivam
1598 3793 1774 3870 pertinere,
1796 3789 1871 3870 puta

242 3875 423 3940 auricomo
438 3890 472 3934 tt.
484 3869 642 3933 --Utrdm
652 3878 763 3950 raptus
772 3869 1033 3948 mogispertiaeot
1086 3869 1158 3933 cirm
1173 3869 1308 3950 alicujus
1320 3873 1478 3950 appetitus
1494 3870 1593 3933 tendit
1605 3872 1638 3932 in
1651 3888 1689 3934 oa
1699 3875 1871 3950 quaeextra

282 3951 323 4014 ad
334 3951 398 4014 eim
412 3950 653 4029 cognoscitieam
668 3948 760 4028 pedm
777 3947 818 4010 od
832 3948 894 4010 vim
913 3947 1033 4028 appeti·
1084 3949 1191 4028 ipsum
1204 3952 1279 4010 sunt
1295 3969 1303 4008 ι
1319 3955 1350 4010 et
1364 3951 1539 4011 seeundum
1560 3950 1621 4011 boc
1634 3949 1809 4028 Dionysius
1823 3947 1873 4010 dt-

283 4031 392 4092 iteam.
1086 4027 1225 4106 citqubd
1246 4051 1260 4085 ι
1283 4029 1410 4089 divinus
1432 4044 1523 4090 amor
1542 4029 1615 4090 iacit
1637 4029 1819 4099 extasim»
1841 4029 1871 4088 in

282 4107 332 4168 Ad
361 4105 537 4168 secundum
556 4105 603 4168 sie
625 4105 818 4184 proceditur.
846 4105 875 4166 1.
900 4105 1034 4167 Videtur

244 4185 329 4266 qubd
343 4187 456 4326 raptus
466 4183 567 4265 magis
583 4184 741 4263 pertineat
757 4183 796 4246 ad
807 4183 1034 4275 vim-appetiti·
1086 4124 1160 4246 dere
1172 4186 1206 4245 in
1221 4202 1272 4245 res
1288 4190 1409 4247 amatas
1425 4205 1432 4244 ε
1450 4186 1535 4246 unde
1548 4189 1659 4262 postea
1674 4184 1872 4263 subditqudd

228 4280 318 4328 ‚vam
332 4282 377 4344 qu
401 4281 431 4323 m
443 4262 483 4325 ad
497 4263 561 4326 vim
571 4281 608 4323 co
631 4259 929 4324 noscitivam.Drc1t
948 4263 1034 4323 enim
1086 4262 1196 4324 Etiam
1216 4263 1282 4341 ipse
1302 4265 1396 4339 Deus,
1418 4263 1473 4343 qai
1494 4270 1538 4324 est
1552 4264 1687 4324 omnium
1702 4281 1805 4332 causa,
1820 4281 1873 4342 per

242 4341 326 4406 Dion
351 4341 418 4404 sius
431 4339 531 4421 deep.
546 4341 584 4404 de
600 4282 666 4402 (fir.
679 4342 772 4403 Nom.
794 4341 898 4420 (part.
915 4340 944 4414 1,
959 4339 1032 4402 lect.
1087 4339 1633 4403 abundantiamamatorioeboaitotis
1646 4342 1873 4420 extroseipsum

244 4361 387 4501 10)ιίἐὲ
398 4427 500 4481 autem
518 4421 649 4482 extasim
660 4421 783 4512 societte
797 4417 923 4480 divinus
935 4437 1033 4480 amor.
1087 4421 1123 4500 fit
1148 4435 1208 4500 per
1234 4419 1466 4498 providentiam
1493 4419 1534 4480 ad
1566 4419 1671 4480 omnio
1696 4420 1871 4481 existentia.

244 4499 306 4564 Sed
321 4515 414 4562 amor
429 4497 566 4576 pertinet
580 4499 620 4560 ad
638 4517 704 4559 vrm
717 4496 934 4576 appetitivam.
949 4495 1034 4578 Ergo
1087 4497 1240 4573 Quamvis
1257 4499 1352 4559 etiam
1368 4499 1394 4559 si
1410 4496 1561 4576 expresse
1582 4497 1644 4558 boc
1657 4497 1816 4559 diceretur
1836 4498 1873 4558 de

244 4582 278 4642 et
290 4576 410 4642 extasis
425 4577 493 4638 sive
507 4581 630 4654 raptus.
1087 4580 1194 4655 raptu,
1213 4593 1278 4636 non
1294 4575 1527 4656 designaretur,
1540 4576 1603 4638 nisi
1615 4573 1701 4654 qubd
1713 4592 1806 4638 amor
1818 4594 1873 4639 es-

284 4655 316 4718 2.
333 4656 501 4729 Preterea,
520 4655 693 4735 Gregorius
714 4651 789 4716 dicit
805 4654 837 4715 in
857 4653 877 4714 2
894 4653 1033 4734 Dialog,
1088 4660 1136 4718 sot
1150 4671 1248 4716 causa
1263 4654 1386 4732 raptds.

244 4751 316 4816 cap.
332 4735 363 4810 3,
379 4735 454 4798 cite.
477 4732 573 4808 med,
592 4733 678 4810 quod
704 4733 756 4795 itte
774 4731 829 4812 qui
846 4749 962 4812 percos
971 4750 1036 4812 po-
1128 4733 1175 4793 td
1188 4733 1363 4795 secuudum
1376 4733 1543 4798 dicendum
1551 4731 1637 4813 qubd
1645 4750 1678 4793 m
1688 4731 1819 4794 bomine
1828 4737 1874 4796 est

1108 4106 1872 4185 uantumscilicetiacitappetitumhoministen·
1997 4135 1998 4140 ι

244 4816 303 4885 eit,
322 4813 487 4894 copatione
505 4811 616 4874 ruatis
638 4820 668 4873 et
687 4809 962 4873 immunditiarum
986 4831 1036 4872 se·
1088 4811 1208 4889 duplex
1228 4813 1406 4891 appetitus3
1427 4811 1547 4874 seilicet
1569 4810 1795 4882 intellectum,
1820 4813 1874 4890 qui
1996 4803 1997 4840 ³

245 4894 376 4985 metipso
398 4890 532 4958 cecidit:
553 4889 667 4952 Petrus
687 4889 770 4958 arrd,
798 4907 885 4980 quem
908 4890 1035 4969 angelus
1088 4888 1204 4952 dicitur
1223 4892 1394 4963 voluntas3
1418 4893 1450 4951 et
1474 4890 1657 4964 sensitirus,
1700 4889 1734 4950 ui
1761 4889 1875 4952 dicitur

245 4972 341 5036 relect
361 4970 486 5053 ejusque
504 4975 633 5032 meatem
652 4968 687 5030 in
712 4977 811 5030 ectasi
831 4968 950 5048 rapuit.
970 4987 1036 5031 ooo
1089 4969 1292 5032 sensualitas.
1306 4969 1362 5031 Est
1382 4972 1490 5030 autem
1503 4969 1671 5046 proprium
1717 4969 1817 5030 omini
1841 4973 1876 5029 ut

188 5069 191 5072 ·
246 5058 339 5112 entra
358 5068 390 5112 re
432 5047 543 5118 uidem,
564 5047 617 5109 sed
632 5064 731 5126 repro
748 5047 941 5124 semetipsum
961 5047 1034 5129 suit.
1089 5048 1250 5126 appetitus
1270 5047 1404 5109 interior
1425 5046 1582 5108 'subdatur
1602 5047 1758 5125 appetitui
1774 5064 1875 5126 supe-

246 5129 306 5192 Sed
324 5127 379 5191 ille
401 5067 486 5190 ditus
506 5124 661 5206 prodigus
700 5144 736 5188 er
756 5123 904 5188 affectum
924 5125 958 5186 in
980 5127 1038 5188 ia·
1089 5126 1180 5200 riori,
1198 5131 1229 5188 et
1246 5126 1394 5204 superior
1408 5129 1535 5188 moveat
1547 5125 1743 5187 interiorem.
1758 5125 1875 5203 Dupli-

241 5207 366 5272 teriora
399 5204 542 5285 dilapsus
570 5207 630 5266 est.
692 5219 750 5283 rgo
778 5204 875 5265 etiam
905 5201 952 5264 illi
980 5205 1036 5282 qui
1090 5205 1170 5267 citer
1182 5221 1260 5284 ergo
1274 5205 1371 5266 bomo
1394 5203 1569 5267 secandum
1582 5203 1759 5282 appetitum
1772 5209 1876 5284 potest

245 5287 420 5367 rapiuntur
434 5284 468 5346 in
484 5284 654 5364 superiora
669 5300 728 5363 per
740 5279 889 5346 allectum
903 5281 965 5346 boc
976 5301 1038 5363 pa·
1090 5281 1158 5344 lieri
1170 5287 1262 5347 extra
1280 5284 1433 5360 scipsum.
1444 5283 1514 5346 Uno
1528 5283 1622 5344 modo
1636 5281 1766 5361 quando
1780 5299 1822 5360 ap

248 5365 383 5430 tiuntur.
1090 5360 1166 5424 titus
1182 5363 1394 5425 intellectivus
1413 5363 1555 5424 totaliter
1576 5361 1610 5423 in
1633 5360 1744 5423 divina
1767 5367 1819 5422 teu
1840 5361 1874 5430 it,
1995 5397 1996 5403 ι

286 5443 317 5505 3.
337 5445 508 5516 Praeterea,
531 5457 630 5520 super
645 5439 724 5503 illud
745 5439 828 5518 psal.
850 5438 905 5512 30,
929 5439 971 5502 Io
996 5447 1035 5510 te,
1090 5441 1312 5520 pretermissis
1336 5442 1386 5502 bis
1408 5439 1539 5518 adque
1559 5440 1693 5502 inclinat
1716 5441 1874 5517 appetitur

246 5523 389 5590 Domine,
405 5522 539 5601 speravi,
556 5538 622 5582 oon
640 5537 697 5581 con
734 5517 816 5579 ador
829 5517 864 5579 io
880 5525 1036 5586 oeternran,
1091 5519 1263 5581 sensitivus
1277 5539 1286 5593 ;
1298 5523 1334 5580 et
1350 5521 1397 5581 sic
1411 5519 1582 5598 Dionysius
1598 5517 1673 5579 dicit
1684 5518 1717 5578 in
1729 5516 1748 5576 t·
1762 5517 1800 5578 de
1814 5518 1874 5578 div.

247 5601 324 5665 dicit
338 5601 451 5664 Glossa
465 5599 588 5680 (interl.
609 5601 691 5678 Aug.
717 5643 725 5672 ,
740 5597 774 5658 in
788 5596 988 5674 expositione
1000 5598 1039 5656 ti·
1091 5598 1196 5672 Nom.,
1210 5599 1279 5660 loco
1293 5597 1389 5659 citio
1403 5615 1485 5678 arg„
1498 5597 1583 5675 quod
1600 5619 1615 5654 ι
1631 5596 1750 5658 Paulus
1761 5613 1802 5658 ex
1816 5595 1878 5660 vir·

248 5681 330 5744 tuli:
348 5703 363 5738 ι
384 5678 513 5742 Extasis
526 5677 640 5758 graece,
654 5675 1038 5740 latrnbdiciturexoessus
1094 5699 1109 5734 ι
1133 5681 1199 5738 tute
1211 5676 1313 5740 divini
1327 5678 1445 5740 amoris
1467 5677 1606 5738 extasim
1626 5674 1762 5737 iaciente
1781 5673 1875 5736 dicit:

252 5781 267 5816 ι
289 5759 404 5820 mentis
426 5757 482 5836 qui
504 5757 540 5818 iit
562 5755 687 5818 duobus
707 5754 826 5834 modis,
850 5753 899 5816 vel
920 5770 1040 5833 pavore
1094 5777 1108 5812 ι
1132 5755 1214 5818 Vivo
1228 5772 1298 5836 ego,
1316 5755 1383 5835 jam
1402 5772 1467 5816 non
1486 5771 1557 5834 ego,
1576 5753 1654 5822 vivit
1677 5752 1803 5815 veroin
1830 5768 1879 5812 me

253 5859 269 5898 ιι
290 5839 506 5912 terrenorum,
522 5835 574 5897 vel
588 5838 694 5897 mente
717 5833 810 5914 rapta
829 5833 867 5898 ad
886 5849 1038 5912 superna,
1095 5855 1110 5892 ι
1134 5833 1319 5898 Christus.»
1339 5833 1407 5896 dlio
1420 5832 1514 5896 modo
1528 5831 1657 5911 quando
1667 5831 1878 5912 pretermisso
