4070 6338
234 382 305 444 Η
674 377 804 437 stim
825 373 1052 435 rambodium
1068 371 1227 432 sacuam
1243 370 1425 430 SECUNDAE.
1803 368 1865 431 lim

233 457 331 562 heard
347 462 543 575 omenque
555 501 674 576 genere
691 492 860 556 hominnm
873 492 1026 574 deputate
1081 488 1199 553 thena
1219 489 1261 554 ad
1278 489 1417 552 Timoth.
1434 488 1496 563 t,d
1515 507 1523 550 ι
1545 489 1717 551 mammem
1733 490 1865 570 proriam

234 576 332 639 statui
349 573 564 654 perfeetionis.
1078 569 1147 640 Dei,
1161 587 1229 652 que
1250 577 1294 631 est
1311 570 1348 631 ιἰι
1360 577 1389 632 te
1405 585 1464 648 per
1481 569 1710 649 impositionmr
1721 586 1864 631 maneam

274 654 304 716 ἰ.
322 656 491 726 Praeterea,
507 657 609 718 statas
622 651 866 715 exteiinrdehet
876 651 1023 712 interiori
1077 649 1326 728 meorumcquod
1347 649 1462 712 Glossa
1485 649 1591 710 interl.
1602 649 1736 728 exponit
1745 651 1783 712 de
1793 667 1865 730 gra-

114 795 117 802 ι
233 727 331 798 rtatm
352 733 564 814 responderes
582 732 728 810 alioquin
744 731 920 793 incurritur
932 747 1025 792 men-
1077 726 1123 791 tit
1136 730 1321 808 episcopali.
1334 729 1374 789 ldt
1387 729 1469 791 Dion
1493 729 1560 791 sius
1576 728 1769 808 dicitboap.
1790 731 1862 792 eccl.

233 811 361 876 dacium
376 814 463 892 quod
481 829 549 876 ooo
571 811 671 875 sotum
685 817 730 872 est
750 812 787 873 ιἰι
803 811 892 890 salsis
909 809 1021 879 verbm
1077 807 1464 888 Hieramh.,vers.lin.,qu
1516 810 1862 882 «summussacerdosp

232 892 389 966 sedetiam
402 895 437 955 r'n
450 889 773 972 nmulalisoperr'bur,
787 890 1022 952 uthmbrosius
1078 887 1109 948 id
1128 893 1186 962 est,
1204 889 1386 968 episcopus,
1402 911 1417 946 ι
1436 890 1470 950 in
1484 888 1544 951 sud
1556 889 1760 950 ordinatione
1774 890 1864 951 habet

233 963 309 1034 dicit
329 973 362 1034 in
383 973 523 1052 quodam
539 989 634 1034 serm.
657 969 719 1051 (ii
736 971 777 1032 de
801 971 924 1048 Temp,
947 974 1024 1031 xante
1079 989 1094 1026 ι
1116 969 1318 1046 eloquiorum
1334 985 1432 1047 super
1451 972 1548 1048 capnt
1561 970 1797 1031 sanctissimam
1811 984 1862 1030 sn-

233 1051 340 1131 med.).
361 1049 422 1114 Sed
440 1053 533 1116 malti
554 1059 629 1114 sunt
652 1050 773 1128 praelati
796 1051 847 1112 vel
865 1049 1021 1128 religiosi,
1078 1067 1093 1105 ι
1116 1049 1429 1126 perpositionem3ut
1438 1049 1635 1128 significetur
1667 1047 1861 1127 uddipsees¹

234 1131 287 1209 qui
302 1129 1023 1208 nonhabentinterioremperiectionemcha·
1078 1147 1093 1185 ι
1116 1128 1358 1205 participativus
1384 1129 1515 1208 integrae
1538 1129 1637 1189 totius
1683 1128 1863 1189 ierarchica

231 1211 348 1272 ritatis.
374 1211 407 1273 si
436 1229 513 1292 ergo
542 1229 652 1272 omnes
674 1209 818 1288 religiosi
843 1213 876 1270 et
897 1209 1022 1286 praelati
1078 1229 1093 1264 ι
1117 1208 1255 1278 virtutis,
1272 1207 1400 1286 etqudd
1416 1209 1485 1286 ipse
1500 1225 1566 1268 non
1582 1206 1864 1268 seldmsitillunri-

232 1288 344 1352 sintin
358 1295 445 1354 statu
459 1289 675 1370 perlectioniS,
692 1291 839 1366 sequitur
852 1287 938 1366 qnbd
949 1289 1023 1365 qui·
1079 1307 1093 1344 r
1116 1288 1244 1348 nativus
1256 1289 1401 1348 omnium
1420 1288 1523 1367 (quod
1536 1289 1675 1366 pertinet
1688 1287 1728 1348 ad
1740 1293 1862 1348 sancias

232 1385 370 1448 cumque
394 1381 511 1432 eorum
535 1386 601 1431 non
629 1372 705 1430 sunt
731 1367 874 1447 perfecti,
901 1369 1023 1428 sintin
1078 1366 1293 1428 «locutiones
1309 1366 1514 1451 electiones)
1530 1365 1794 1446 sedquddetiam
1808 1367 1863 1427 hoc

230 1455 363 1526 peccato
390 1451 535 1524 mortali,
565 1445 722 1528 tanquam
753 1447 958 1510 simulatores
991 1453 1023 1510 et
1078 1447 1188 1506 ratiis
1204 1447 1318 1508 tradat.

230 1529 412 1593 mendaces.
1116 1526 1162 1586 hd
1179 1527 1319 1603 primum
1331 1543 1408 1605 ergo
1424 1525 1593 1586 dicendum
1608 1524 1692 1604 qudd
1705 1526 1863 1588 inchoatio

269 1607 477 1684 3.Praeterea',
487 1607 641 1688 perfectio
651 1604 1022 1670 secundumcharitatem
1077 1609 1107 1666 et
1122 1609 1330 1683 augmentum
1346 1622 1410 1666 non
1430 1607 1587 1684 quaeritur
1605 1610 1737 1683 propter
1751 1624 1798 1678 se,
1812 1605 1863 1666 sed

229 1688 415 1764 attenditur,
434 1695 583 1766 utsupra
600 1687 745 1750 habitum
761 1689 819 1758 est,
840 1691 901 1749 art.
919 1687 931 1745 l
950 1687 1019 1764 huj.
1075 1689 1206 1824 propter
1217 1684 1444 1762 perfectionem
1460 1705 1467 1743 :
1484 1689 1516 1746 et
1530 1684 1600 1746 idcd
1615 1685 1653 1746 ad
1669 1683 1775 1746 solum
1787 1703 1863 1763 per-

253 1784 285 1827 u.
299 1767 357 1829 Sed
374 1768 604 1847 perfectissima
616 1767 755 1828 charitas
770 1766 976 1827 videturesse
988 1767 1021 1825 in
1088 1765 1220 1824 actionis
1248 1767 1367 1824 statum
1392 1763 1493 1842 aliqui
1519 1764 1665 1824 homines
1688 1779 1760 1824 cum
1780 1763 1863 1842 qud-

246 1847 436 1927 'artyribum
459 1843 637 1910 secunddm
661 1845 740 1906 illud
757 1847 849 1907 toan.
876 1844 925 1917 15,
949 1845 986 1904 l3
1011 1863 1019 1904 ι
1075 1843 1146 1904 dam
1162 1844 1357 1922 obligatione
1376 1848 1407 1904 ct
1423 1843 1623 1905 solemnitate
1643 1849 1860 1905 assumuntur.

228 1925 384 2006 Majorao
397 1927 687 1988 dilectionemnemo
697 1925 795 1992 hahet,
806 1923 896 2004 quem
903 1932 939 1985 at
949 1925 1023 1985 arri·
1115 1922 1161 1982 hd
1178 1923 1353 1984 secundum
1364 1923 1532 1984 dicendum
1543 1923 1628 2001 qubd
1641 1923 1788 1985 homines
1803 1927 1863 1984 sta-

227 2023 308 2065 mom
321 2025 409 2066 suam
416 2015 518 2086 ponet
535 2007 604 2086 quis
618 2024 677 2083 pro
693 2006 800 2066 amicis
813 2005 896 2070 suis,-
911 2009 942 2064 et
964 2021 1023 2064 su·
1074 2006 1143 2062 tum
1156 2003 1359 2080 perfectionis
1376 2007 1558 2076 assumunt,
1573 2017 1637 2062 non
1653 2003 1747 2080 quasi
1770 2001 1863 2080 proli*

229 2102 288 2162 per
309 2085 389 2146 illud
408 2085 447 2147 ad
465 2087 562 2147 Hebr.
580 2085 642 2145 la:
665 2082 814 2146 lbonddm
829 2085 913 2144 'enim
927 2101 1022 2162 aspice
1075 2084 1178 2143 tentes
1195 2083 1317 2160 seipsos
1333 2083 1490 2162 periectos
1504 2099 1585 2154 esse,
1610 2083 1665 2142 sed
1681 2082 1862 2160 prolitentes

227 2163 465 2243 adsanpurirem,
475 2163 968 2244 ete.‚dicitGlossa(hug.,serm.
984 2164 1021 2224 l'l
1075 2179 1109 2222 se
1123 2161 1162 2222 ad
1180 2163 1407 2239 perlectionem
1422 2161 1572 2223 tendere:
1589 2161 1721 2224 undeet
1737 2166 1864 2240 aposto

227 2241 267 2305 de
283 2243 379 2307 Verb.
395 2246 518 2323 apost,
537 2263 607 2324 cap.
631 2245 660 2314 1,
680 2245 755 2305 oirn
771 2243 876 2323 med.)
900 2265 915 2300 ι
938 2245 1022 2304 Per·
1074 2240 1125 2302 lus
1147 2242 1223 2302 dicit
1238 2243 1278 2302 ad
1305 2243 1419 2321 Philip.
1443 2241 1472 2316 3,
1498 2239 1558 2301 12:
1579 2263 1593 2298 c
1614 2242 1683 2302 Non
1700 2241 1785 2319 qubd
1799 2240 1863 2320 jam

229 2344 245 2381 c
267 2322 500 2388 lecherinhdc
514 2323 580 2386 vita
602 2324 693 2386 nulla
708 2323 834 2383 dilectio
860 2326 909 2383 est
925 2321 964 2384 erl
979 2322 1019 2384 ad
1076 2343 1091 2379 ι
1113 2321 1426 2399 comprehenderim,
1448 2323 1503 2382 aut
1521 2320 1587 2400 jam
1602 2320 1761 2398 perlectus
1784 2321 1862 2395 sim;

229 2419 366 2481 «quam
391 2404 494 2466 sancti
517 2405 675 2483 Martyres
697 2405 935 2480 pervenerunt,
961 2402 1020 2480 qui
1075 2421 1091 2459 ι
1114 2417 1234 2480 sequor
1256 2407 1374 2475 autem,
1397 2401 1424 2461 si
1448 2415 1512 2479 qao
1533 2401 1628 2460 modo
1654 2401 1864 2478 comprehcn-

229 2503 244 2540 ι
265 2487 378 2547 eontra
391 2487 559 2561 moratum
572 2482 729 2560 usquead
745 2484 937 2560 sanguinem
952 2499 1021 2542 cer·
1076 2503 1091 2538 α
1114 2481 1188 2542 darn
1206 2501 1214 2554 ;
1235 2500 1250 2537 ι
1272 2484 1306 2541 et
1324 2483 1436 2559 postea
1465 2481 1572 2540 subdit
1593 2499 1600 2538 ι
1627 2501 1642 2536 α
1663 2481 1863 2557 Quicumque

228 2583 244 2620 α
264 2564 427 2624 taverunt.
445 2585 460 2620 ι
482 2563 568 2643 Ergo
586 2563 711 2623 videtur
729 2561 815 2640 qubd
840 2561 942 2640 magis
957 2561 1021 2621 de·
1076 2581 1090 2618 a
1113 2575 1191 2640 ergo
1206 2559 1336 2638 perlecti
1346 2577 1470 2632 sumus,
1486 2558 1762 2620 hocscntiamns.»
1778 2559 1864 2621 Unde

226 2641 300 2702 beat
320 2642 523 2721 perfectionis
547 2646 649 2704 status
672 2641 804 2702 attribui
819 2641 1018 2720 martyribus
1075 2657 1140 2701 non
1156 2639 1324 2700 committit
1336 2640 1453 2717 aliquis
1474 2639 1676 2699 mendacium
1692 2640 1744 2700 rel
1759 2637 1865 2700 simu-

226 2717 325 2800 quam
338 2721 498 2802 religiosis
513 2727 546 2784 et
556 2721 726 2800 episcopis.
1073 2720 1227 2782 lationem
1239 2737 1281 2780 ex
1294 2721 1354 2780 hoc
1367 2717 1453 2796 qudd
1473 2734 1538 2778 non
1553 2723 1601 2778 est
1622 2717 1795 2796 perlectas,
1810 2717 1864 2797 qui

266 2799 615 2881 Sedoontraestqubd
633 2798 848 2880 Dionysius,5
872 2815 943 2938 cap.
964 2817 1020 2862 ec-
1074 2805 1193 2861 statum
1223 2798 1427 2876 perfectionis
1465 2799 1621 2870 assumit,
1652 2797 1708 2859 sed
1744 2813 1787 2860 ex
1828 2813 1864 2859 eo

227 2878 303 2941 cles.
317 2880 689 2954 Hierarch.,·circ.med.,
699 2880 910 2956 attribuitper
923 2880 1020 2941 ectio·
1074 2880 1159 2958 qudd
1175 2880 1216 2941 ab
1232 2879 1410 2940 intentione
1431 2877 1636 2957 perfectionis
1653 2878 1799 2940 animum
1812 2893 1865 2940 re-

226 2973 301 3019 nem
314 2961 424 3038 episoo
447 2961 473 3022 is
485 2959 643 3038 tanquam
660 2959 923 3037 perfectioribos3
940 2964 971 3019 et
984 2960 1020 3019 in
1074 2963 1177 3020 vocat.

226 3037 329 3116 dcap.
347 2979 1021 3119 ejusdemlibri,antemed.,attribuitper-
1114 3039 1160 3098 hd
1176 3039 1307 3098 tertium
1327 3036 1496 3100 dicendam
1520 3037 1606 3115 qudd
1629 3036 1864 3119 martyriumia

226 3115 397 3180 lectionem
423 3117 596 3199 religiosis,
618 3131 700 3196 quos
721 3119 1020 3186 reputaverimus:
1073 3123 1147 3180 ann
1165 3115 1396 3195 perfectissimo
1410 3117 1575 3178 charitatis
1597 3119 1753 3180 consistit.
1770 3119 1863 3178 hctus

227 3196 280 3260 vol
295 3213 446 3277 operturae,
458 3198 769 3279 therapeotosidest,
781 3198 847 3258 lieo
857 3196 1019 3260 lamulan-
1074 3203 1181 3260 antem
1194 3197 1394 3275 perfectionis
1410 3213 1475 3257 non
1498 3195 1614 3259 sufficit
1630 3197 1670 3259 ad
1688 3201 1806 3260 statum
1820 3197 1865 3259 ia-

162 3295 169 3312 ·
227 3280 287 3346 ies,
298 3277 455 3356 tanquam
466 3278 627 3358 perlectis.
1074 3277 1233 3349 ciendum,
1248 3281 1285 3336 ut
1298 3277 1416 3336 dictum
1429 3279 1478 3337 est
1489 3283 1549 3338 art.
1566 3295 1661 3356 praec.

266 3357 455 3435 liespendeo
464 3356 741 3436 dicendumqudd,
750 3357 834 3419 sicul
844 3351 1020 3419 dictumest
1074 3361 1254 3418 hnrrcunus
1276 3374 1319 3417 vr.
1334 3356 1410 3417 -U
1413 3355 1495 3416 terim
1516 3373 1617 3416 omnes
1629 3355 1758 3436 prelati
1774 3355 1864 3418 eccie-

227 3438 288 3498 art.
303 3451 415 3515 praee,
426 3439 471 3500 ad
485 3442 603 3500 statum
614 3437 818 3516 perfeetionis
841 3437 1020 3514 requiritur
1114 3437 1234 3496 sinstici
1252 3436 1363 3496 sintin
1378 3441 1464 3496 statu
1474 3435 1862 3518 perfectionis—(Opust.

227 3516 380 3596 obligatio
394 3521 551 3596 perpetua
563 3518 602 3580 ad
619 3533 658 3579 ea
673 3533 745 3594 quat
759 3519 835 3578 surrt
849 3516 1021 3595 perlectio-
1114 3515 1163 3586 18,
1184 3533 1248 3594 cap.
1265 3513 1317 3589 22,
1335 3513 1384 3589 23,
1398 3513 1437 3575 25
1448 3523 1477 3574 et
1490 3515 1555 3596 26.)

227 3595 291 3669 nis,
305 3613 378 3658 oum
393 3595 505 3676 aliqud
519 3597 730 3658 solemnitate.
756 3595 934 3673 Utrumque
954 3612 1020 3656 au·
1114 3595 1161 3656 hd
1176 3600 1303 3656 sextum
1319 3595 1363 3656 sic
1378 3593 1572 3672 proceditur.
1591 3595 1620 3656 1.
1634 3595 1771 3658 Videtur
1781 3593 1865 3675 qudd

228 3677 293 3736 tem
315 3676 429 3738 horum
449 3677 601 3755 competit
619 3676 778 3755 religiosis
797 3680 828 3737 et
847 3676 1017 3753 episcopis.
1074 3693 1185 3735 omnes
1198 3675 1319 3753 praelati
1335 3675 1542 3736 ecclesiastici
1555 3677 1620 3736 sint
1633 3676 1668 3736 in
1689 3678 1777 3737 statu
1794 3693 1865 3753 per·

214 3752 381 3835 ·Religiosi
393 3757 524 3818 enimse
536 3755 851 3834 uotoastringuntad
863 3756 924 3816 hoc
933 3755 1019 3832 qued
1074 3754 1231 3816 lectionis.
1252 3753 1335 3815 llicit
1349 3754 1435 3814 enirn
1457 3753 1674 3834 Hieronymus
1696 3755 1862 3833 superEp.

228 3831 358 3898 drebus
372 3836 571 3899 secularibus
590 3853 624 3897 se
639 3835 832 3906 abstineant,
847 3835 964 3912 quibus
983 3835 1020 3894 li·
1074 3834 1112 3896 ad
1128 3835 1204 3908 ’l'it.,
1220 3835 1321 3912 capt
1354 3851 1425 3910 sup.
1452 3834 1530 3894 illud
1568 3855 1576 3892 τ
1608 3833 1793 3896 Cercetii-uas
1809 3849 1866 3914 per

228 3911 289 3976 cite
305 3916 352 3976 uti
375 3920 537 3995 poterant,
561 3915 601 3977 ad
616 3915 677 3976 hoc
695 3914 781 3993 qudd
802 3912 934 3975 liberius
953 3915 1020 3975 Deo
1075 3913 1226 3983 civitates,
1239 3919 1299 3975 etc.
1315 3933 1348 3982 :n
1366 3912 1449 3973 Olim
1467 3913 1552 3974 idem
1565 3917 1744 3994 presbyter,
1769 3915 1868 3994 quiet

227 3999 343 4054 recent
358 4015 365 4054 :
382 3995 417 4056 in
435 4013 502 4072 quo
517 3995 663 4056 consistit
680 3994 832 4072 perfectio
854 3994 1019 4071 praescntis
1076 4015 1091 4050 ι
1114 3994 1302 4072 episcopum
1323 4013 1337 4048 ι
1357 3995 1509 4070 etpostca
1525 3994 1650 4055 subdit:
1664 4017 1678 4051 ι
1691 3993 1781 4055 Sicut
1792 4007 1867 4074 ergo

228 4072 313 4136 vitm.
327 4072 415 4134 Unde
432 4073 515 4133 Dion
539 4074 605 4133 sius
621 4073 739 4146 dieit,ti
759 4090 829 4151 cap.
849 4074 926 4134 ecel.
940 4073 1022 4134 Hie·
1076 4094 1091 4129 ι
1114 4074 1292 4152 presbyteri
1304 4072 1410 4133 sciunt
1423 4090 1457 4133 se
1472 4073 1622 4136 Ecclesia
1635 4073 1867 4136 consuetudine

228 4151 350 4225 rareh,
367 4093 545 4224 loccit.,·de
560 4151 719 4230 religiosis
740 4153 900 4229 loquens:
921 4175 936 4209 ι
959 4151 1020 4212 ahi
1077 4174 1092 4209 <r
1117 4154 1144 4214 ei
1160 4153 1215 4229 qui
1240 4153 1300 4213 sibi
1325 4152 1514 4231 prepositus
1538 4153 1645 4228 hierit,
1666 4171 1738 4214 esse
1757 4153 1868 4215 subdi-

229 4253 246 4290 «
269 4230 399 4311 quidem
412 4230 672 4310 therapeutas,id
683 4230 887 4302 est,lamulos
898 4231 968 4304 Dei,
979 4249 1020 4292 ex
1076 4253 1091 4288 a
1114 4237 1182 4302 tosr
1198 4231 1243 4293 ila
1259 4231 1398 4312 episcopi
1413 4233 1561 4294 noverint
1572 4251 1607 4294 se
1618 4233 1722 4312 tnagis
1734 4249 1868 4294 consue·

230 4333 245 4370 a
269 4328 352 4390 puro
367 4311 500 4374 servitio
518 4317 549 4372 et
562 4310 734 4383 lamulatn3
749 4311 804 4373 alii
817 4311 894 4371 verb
904 4325 1021 4372 mona·
1076 4335 1090 4368 a
1114 4311 1224 4372 tudine
1246 4310 1344 4388 quam
1362 4312 1579 4390 dispositionis
1595 4311 1764 4374 dominice
1778 4313 1868 4374 reri-

229 4413 246 4450 «
269 4391 346 4453 chos
361 4391 447 4470 ipsos
461 4391 629 4452 nominant
644 4407 685 4452 ex
700 4389 897 4462 indivisibili,
911 4393 942 4451 et
955 4391 1020 4451 sin·
1076 4414 1091 4449 a
1112 4395 1178 4452 tate
1192 4392 1389 4470 presbyteris
1422 4409 1494 4453 esse
1514 4391 1663 4472 majorca,
1680 4396 1713 4454 et
1734 4393 1768 4452 in
1785 4409 1869 4454 com-

229 4470 375 4550 «gulari
393 4469 460 4535 vita
479 4473 610 4532 uniente
623 4472 711 4550 ipsos
725 4488 766 4532 er
777 4470 1020 4534 indivisibilium
1076 4471 1205 4531 «muni
1240 4469 1356 4533 debere
1391 4469 1569 4534 Ecclesiam
1603 4488 1728 4550 regere.
1763 4495 1778 4528 s
1807 4471 1868 4533 Sed

229 4550 693 4626 «sanetisconvolntionibus,
714 4571 728 4607 s
751 4551 782 4611 id
795 4557 854 4626 est,
871 4553 1021 4613 centem-
1075 4551 1216 4629 episcopi
1237 4551 1359 4611 suntin
1381 4555 1468 4612 statu
1487 4550 1704 4630 perfectionis.
1728 4551 1817 4633 Ergo
1838 4553 1869 4614 et

227 4630 439 4711 piationibus,
453 4654 467 4688 ι
483 4630 522 4693 ad
534 4629 719 4692 deiformem
729 4631 885 4693 unitatem
895 4635 925 4692 et
937 4647 1021 4693 ama·
1074 4631 1254 4711 presbyteri
1270 4631 1423 4692 habentes
1437 4650 1549 4693 curam
1562 4632 1756 4694 animarum.

227 4732 244 4769 ι
266 4710 364 4772 bilem
385 4709 451 4772 beo
475 4704 748 4789 perlectionem.»
774 4711 898 4771 Horum
923 4711 1020 4772 etiam
1113 4709 1143 4770 2.
1163 4713 1334 4783 Praeterea,
1355 4711 1438 4771 sicut
1453 4712 1594 4790 episcopi
1611 4713 1793 4790 suscipiunt
1812 4729 1865 4772 cu·

227 4791 348 4852 oblatio
376 4789 412 4852 ht
438 4809 511 4852 cum
535 4790 675 4870 quddam
703 4791 905 4854 solemnitate
942 4807 1021 4868 pro-
1074 4807 1144 4852 ram
1158 4791 1341 4852 animarum
1355 4807 1428 4850 cum
1443 4791 1867 4866 consecratione,itaetiam

226 4868 667 4936 sessionisetbenedietionis:
679 4871 802 4933 undeet
814 4870 929 4931 ibidem
945 4871 1020 4931 sub·
1074 4870 1378 4951 presbyteri‚curati
1393 4873 1424 4931 el
1443 4870 1676 4944 archidiaconi;
1697 4870 1866 4950 dequibus

226 4948 274 5010 dit
286 4949 459 5030 Dionysius
474 4969 481 5010 :
504 4949 639 5028 Propter
659 4950 743 5030 quod
759 4951 927 5030 perfectam
942 4949 1020 5028 ipsis
1075 4967 1173 5028 super
1184 4949 1263 5011 illud
1277 4950 1345 5010 Act.
1358 4949 1378 5008 e
1391 4969 1397 5008 :
1412 4948 1625 5017 Considerate,
1640 4951 1766 5030 fratres,
1781 4950 1867 5014 eires

226 5027 349 5091 donans
363 5029 497 5109 qratiam
509 5038 618 5090 saneta
629 5031 782 5108 legislatio
794 5029 1020 5110 quddqmipsos
1075 5029 1149 5090 boni
1179 5030 1349 5090 testimonii
1379 5049 1409 5088 sc
1434 5037 1506 5098 tem,
1534 5033 1614 5097 etc,
1647 5029 1723 5090 dicit
1753 5031 1867 5092 Glossa

227 5106 249 5170 d
256 5109 262 5122 '
283 5115 359 5170 nata
371 5117 415 5170 est
429 5109 656 5190 sanctificativa
673 5110 882 5171 invocatione.
1076 5109 1201 5190 (ordin.
1223 5108 1331 5189 Beda)
1348 5129 1354 5168 :
1378 5048 1465 5170 «dite
1484 5108 1710 5172 discernebant
1724 5107 1866 5189 Apostoli

291 5187 420 5251 imiliter
443 5188 539 5250 etiam
555 5187 697 5268 episcopi
714 5189 858 5268 obligant
880 5207 913 5251 se
929 5188 967 5252 ad
981 5206 1020 5252 ea
1076 5207 1166 5269 «per
1186 5187 1363 5250 Ecclesiam
1381 5189 1531 5251 constitui
1553 5193 1675 5268 septem
1696 5189 1864 5258 diaconos,

227 5280 300 5348 quae
319 5271 396 5330 sunt
409 5268 625 5347 perfectionis,
642 5270 804 5346 pastorale
818 5274 1018 5331 assumentes
1076 5269 1161 5349 «qui
1189 5272 1298 5338 essent
1326 5269 1522 5329 sublimioris
1549 5267 1683 5350 gradds,
1714 5275 1746 5330 et
1773 5265 1864 5348 quasi

227 5345 385 5423 officium3
402 5348 441 5408 ad
457 5348 540 5426 quod
564 5349 701 5426 pertinet
723 5354 758 5408 ut
779 5349 913 5410 anime-m
934 5367 1020 5408 sciam
1076 5349 1266 5410 «columnas
1289 5349 1431 5426 proximi
1452 5349 1537 5410 circa
1554 5365 1656 5416 aram.
1675 5369 1689 5404 n
1711 5347 1797 5429 Ergo
1813 5347 1866 5408 vi-

91 5447 102 5468 r
252 5435 326 5490 anot
346 5431 458 5508 pastor
475 5443 537 5506 pro
562 5427 671 5490 ovibus
692 5427 769 5494 suis,
798 5427 881 5488 sicut
904 5427 1020 5490 dicitnr
1074 5429 1167 5489 detur
1185 5428 1271 5508 qudd
1287 5428 1349 5508 ipsi
1373 5428 1467 5492 etiam
1487 5428 1552 5490 sint
1584 5429 1618 5489 in
1639 5433 1724 5491 statu
1758 5427 1866 5508 perle-

223 5445 321 5571 ἴση.
338 5507 388 5580 lo,
412 5505 461 5569 15.
482 5507 569 5568 Unde
585 5507 757 5586 Apostolus
770 5507 855 5580 dicit,
878 5509 895 5567 1
911 5509 950 5568 ad
964 5509 1021 5568 Ti·
1075 5509 1202 5571 ationis.

227 5585 457 5664 mothattqlh
472 5607 480 5646 r
497 5585 663 5668 Confessus
674 5587 784 5650 bonnm
799 5587 1020 5668 consessionem
1115 5587 1143 5648 3.
1164 5589 1338 5661 Praeterea,
1361 5589 1444 5650 sicut
1463 5587 1603 5667 episcopi
1626 5587 1809 5668 obligantur
1827 5583 1864 5647 ad

229 5667 335 5729 eoram
351 5665 459 5728 moltis
479 5665 616 5737 testibus,
636 5668 742 5744 idest,
757 5668 793 5727 in
816 5669 874 5726 seed
888 5667 1021 5727 ordbm-
1075 5667 1135 5728 hoe
1157 5669 1243 5748 qudd
1269 5669 1401 5729 anianum
1423 5687 1509 5729 suoru
1531 5677 1652 5749 percunt
1675 5687 1735 5748 pro
1763 5665 1864 5730 esibus

229 5747 325 5816 tione,
335 5753 374 5810 ut
383 5749 497 5810 Glossa
506 5747 612 5808 interl.
625 5749 741 5809 ibidem
748 5747 832 5810 dicit.
844 5747 1020 5806 Adhibetur
1075 5749 1158 5815 suis,
1175 5748 1216 5808 ita
1234 5751 1456 5829 etpresbyteri
1471 5749 1574 5812 curali
1589 5754 1620 5810 et
1636 5745 1861 5810 archidiaconi.

229 5827 327 5902 etiam
345 5827 491 5905 quedam
507 5828 692 5890 solemnitas
709 5826 958 5890 consecrationis
973 5826 1021 5885 si-
1075 5826 1134 5888 Sed
1150 5829 1210 5888 hoc
1230 5829 1366 5906 pertinet
1382 5829 1420 5890 ad
1437 5829 1664 5908 perlectionem
1681 5827 1859 5897 charitatis,

229 5905 300 5974 mni
325 5919 399 5970 eum
420 5905 621 5988 protessioae
644 5907 815 5990 predicta,
843 5901 1022 5972 semotum
1076 5910 1225 5992 utsupra
1239 5909 1357 5973 dictum
1372 5913 1437 5994 est,
1452 5913 1503 5972 art
1518 5908 1538 5968 2
1552 5909 1619 5996 huj.
1636 5913 1769 5994 quest,
1785 5903 1850 5974 adi
