4120 6338
271 345 320 402 sii
587 319 591 330 “
715 333 844 393 soiiiin
858 331 1088 394 ianoiocicn
1104 335 1261 412 sacoiiiii
1279 337 1457 402 sccuiioiu.
1839 353 1886 411 a„

269 458 320 532 1⁰,
335 471 394 535 pio
411 452 538 517 ratione
555 447 702 513 subditur
724 447 810 528 qudd
830 464 949 514 avarus
966 467 1055 512 suam
1147 449 1207 512 Sed
1218 456 1330 518 contra
1353 458 1401 516 cst
1416 451 1502 534 qubd
1526 453 1699 536 (ἶῑθιθΐῑῑῑθ
1711 459 1747 522 3¹
1761 461 1885 544 Milo

269 535 403 599 animum
411 529 500 596 arou
511 528 656 602 υιιιαιιιιι,
671 527 748 608 quia
754 527 901 593 videlicet
913 527 1055 592 animam
1107 545 1179 610 cap.
1192 531 1240 604 17,
1254 529 1275 595 ι
1289 533 1385 607 med,
1399 537 1562 614 computat
1572 537 1739 602 avaritiam
1752 560 1823 606 cum
1840 547 1886 608 vi-

270 633 375 688 suum,
395 612 489 706 idest
507 609 730 704 sitammam,
746 609 880 701 esponit
902 607 1054 700 periculis
1107 609 1158 671 tiis
1174 610 1405 707 spiritualibus

270 711 336 838 tlt
353 687 1054 861 {uslaisidaialliliptabitil
1107 689 1887 846 ..battaliabislll.t¹¹lll.⁰ll³.bl‘la

271 874 337 924 nia,
352 857 389 916 ut
405 850 526 913 scilicet
539 863 708 927 pecuniam
722 846 913 908 lucraretur.
929 845 1053 908 Tullius
1108 848 1229 910 ctiones
1252 849 1379 924 animis,
1404 851 1473 914 sive
1495 854 1661 930 passiones
1685 859 1888 923 terminantur

270 934 365 998 etiam
380 930 465 994 addit
481 927 543 990 boc
558 945 629 990 esse
643 926 771 1020 depasti
783 925 880 988 animi
892 970 900 994 ,
913 930 949 987 ut
962 924 1056 988 scili-
1107 926 1148 990 ad
1162 928 1346 991 dilectiones
1362 937 1393 991 et
1407 930 1563 1004 tristitias,
1579 939 1615 995 ut
1622 941 1709 1014 patet
1719 954 1777 1015 per
1790 939 1887 1002 Philo-

269 1018 319 1078 oet
334 1011 407 1076 velit
422 1006 565 1089 pecunie
579 1005 704 1086 subjici.
1107 1007 1244 1086 sophum
1259 1007 1445 1088 inllithic„
1462 1029 1532 1090 cap.
1550 1011 1580 1087 5,
1590 1014 1675 1078 circa
1689 1015 1789 1096 princ.
1806 1018 1888 1082 bele-

309 1091 357 1153 Ad
369 1087 545 1155 secundum
561 1084 730 1151 dicendum
746 1082 833 1163 qubd
852 1084 1053 1176 Augustinus
1107 1086 1285 1148 stationum
1299 1093 1407 1151 autem
1428 1091 1574 1170 quedam
1597 1099 1673 1156 sunt
1693 1097 1846 1172 carnales,
1861 1105 1888 1160 et

269 1171 313 1234 ihi
329 1164 656 1248 aecipitcupiditatem
669 1164 862 1245 generaliter
870 1181 1052 1245 cuiuscum-
1107 1164 1253 1258 quedam
1263 1167 1457 1246 spirituales.
1469 1169 1621 1234 Carnutes
1632 1174 1760 1252 quidem
1767 1175 1888 1240 delecta·

268 1269 333 1330 qu„
357 1245 542 1340 temporalis
563 1245 657 1338 boni,
682 1260 748 1305 non
772 1239 948 1336 secundum
962 1243 1055 1382 οἓιιὸιι
1107 1248 1211 1308 tiones
1220 1246 1370 1309 dicuntur
1380 1266 1452 1329 quse
1461 1247 1494 1311 in
1503 1269 1599 1313 sensu
1614 1253 1720 1315 carnis
1734 1257 1885 1335 complen-

268 1328 425 1410 sccipitur
447 1325 629 1405 specialiter
644 1340 703 1404 pro
720 1322 875 1396 auantia3
898 1340 971 1401 cupi
993 1328 1054 1385 itas
1107 1327 1171 1398 tur,
1188 1326 1272 1388 sicut
1288 1326 1513 1392 delectationes
1529 1331 1685 1406 ciborum,
1699 1339 1731 1395 et
1745 1353 1886 1397 venereo-

268 1410 356 1472 0nim
369 1408 601 1488 cujuscumque
610 1403 795 1484 temporalis
806 1402 882 1464 boni
895 1407 943 1464 est
959 1419 1054 1464 vene·
1106 1421 1198 1477 rum;
1215 1403 1442 1470 delectationes
1459 1408 1534 1471 reid
1552 1411 1735 1488 spirituales
1748 1412 1888 1476 dicuntur

269 1507 348 1552 uum
374 1485 558 1562 charitatis,
574 1484 785 1578 inquantum
809 1480 930 1544 scilicet
956 1480 1055 1542 homo
1106 1485 1670 1622 quaecomplenturinsoldauimseap
1694 1492 1884 1556 reheusioue.

269 1569 393 1649 spernit
421 1569 543 1630 bouum
563 1564 707 1626 divinum
729 1565 860 1641 propter
884 1560 947 1623 lioc
968 1559 1054 1639 qudd
1106 1561 1165 1626 lla
1180 1569 1397 1645 crgopeccata
1409 1567 1559 1630 dicuntur
1573 1510 1717 1634 carnaiis
1734 1591 1804 1650 quie
1822 1591 1885 1652 per·

267 1649 498 1712 inhmtbono
512 1642 692 1722 temporali,
830 1719 836 1734 ·
965 1719 972 1734 ·
1106 1639 1258 1705 ficiuntur
1277 1643 1311 1705 iii
1331 1644 1594 1710 delectationibus
1619 1651 1819 1725 carnalibus;
1837 1653 1886 1715 illa

307 1728 356 1792 Ad
369 1726 498 1789 tertium
515 1722 683 1786 dicendum
696 1719 783 1800 qudd
795 1720 889 1783 aliter
903 1723 951 1781 est
963 1735 1056 1782 insa·
1105 1721 1183 1783 verb
1197 1723 1376 1787 dicuuturs
1399 1726 1540 1790 iritualia
1555 1746 1628 1807 quse
1641 1729 1846 1808 perficiuntur
1857 1733 1885 1792 iii

267 1808 376 1872 „abile
403 1807 570 1886 peccatum
594 1801 627 1862 in
650 1801 804 1880 Spiritum
832 1801 996 1892 sanctum,
1024 1804 1054 1860 et
1107 1801 1326 1878 spiritualibus
1346 1744 1609 1870 deiectatiouibus
1631 1810 1755 1888 absque
1774 1811 1884 1874 carnali

268 1879 363 1952 aliter
383 1885 520 1948 ιιιιιιίι
542 1898 642 1944 :nam
662 1884 828 1960 peccatum
849 1897 882 1940 iii
902 1878 1055 1956 Spiritum
1106 1880 1328 1945 delectatione.

268 1970 416 2030 sanctum
426 1967 475 2026 est
483 1960 663 2024 insanabile
674 1978 716 2020 eii
729 1962 820 2038 parte
833 1955 1052 2036 contemptim
1145 1961 1186 2021 Et
1198 1961 1382 2041 hujusmodi
1394 1968 1444 2026 est
1450 1965 1586 2029 avaritia
1600 1966 1795 2032 :delectatur
1809 1969 1884 2031 enini

267 2036 1053 2127 putatquialiomocoutemuitvelmisericordiam,
1106 2055 1225 2102 avarus
1235 2041 1269 2101 in
1278 2041 1341 2105 lioc
1349 2043 1435 2121 qudd
1447 2044 1627 2110 considerat
1636 2065 1670 2110 se
1679 2065 1885 2127 possessorem

270 2127 318 2191 vel
331 2123 488 2206 justitiam
500 2121 652 2194 divinam,
668 2122 724 2180 aut
737 2115 858 2195 aliquid
870 2117 987 2179 tiorum
996 2134 1054 2194 per
1105 2117 1300 2182 divitiarum.
1315 2122 1355 2182 Et
1368 2121 1642 2188 idedaiaritiaest
1652 2135 1816 2206 peccatum
1829 2127 1886 2208 spi·

268 2223 340 2284 que
356 2201 493 2266 bominis
509 2204 639 2280 peccata
658 2203 832 2269 sanantur3
846 2201 878 2258 et
892 2195 962 2257 ided
981 2194 1053 2257 talis
1106 2199 1232 2261 rituale.

270 2282 494 2348 insanabilius
516 2279 656 2358 pertinet
677 2276 721 2340 ad
736 2276 890 2338 ma'orem
907 2274 1055 2355 gravita-
1106 2298 1113 2342 ι
1146 2276 1195 2338 Ad
1214 2279 1354 2358 primum
1370 2298 1447 2362 ergo
1463 2282 1630 2348 dicendum
1647 2285 1735 2366 qudd
1759 2287 1885 2352 avaritia

269 2367 333 2426 tem
347 2360 480 2444 peccati.
494 2359 639 2423 Avaritia
654 2355 733 2420 veid
747 2296 846 2448 habet
858 2354 1055 2448 insanabili-
1107 2357 1193 2420 circa
1216 2360 1383 2439 corporale
1411 2361 1570 2442 objectum
1594 2384 1660 2427 non
1680 2369 1795 2446 quierit
1811 2367 1886 2430 dele·

267 2447 366 2508 tatem
378 2459 419 2504 ex
434 2444 523 2521 parte
534 2435 673 2500 delectus
692 2437 825 2498 liumani
837 2452 872 2494 iii
885 2452 981 2513 quem
994 2452 1055 2497 sci·
1107 2437 1278 2500 stationem
1292 2441 1503 2520 corporalem,
1518 2443 1574 2505 sed
1590 2443 1695 2508 solim
1713 2447 1885 2518 animalem,

268 2521 342 2586 licet
359 2537 486 2601 semper
507 2516 650 2598 procedit
669 2516 812 2578 bumaria
827 2517 963 2577 natura:
977 2514 1056 2593 quia
1106 2519 1204 2595 prout
1224 2517 1345 2582 scilicet
1362 2519 1458 2582 homo
1475 2522 1508 2582 iii
1529 2523 1591 2586 hoc
1613 2525 1790 2589 delectatur
1809 2524 1886 2606 qudd

314 2601 391 2666 oali
415 2599 465 2662 uis
481 2602 531 2662 est
539 2597 640 2678 magis
651 2594 812 2670 deficiens,
827 2591 865 2655 ed
879 2594 980 2673 magis
996 2593 1056 2654 iii-
1106 2595 1232 2659 divitias
1256 2599 1416 2679 possideat
1435 2620 1442 2660 :
1458 2605 1490 2664 ct
1502 2600 1573 2664 ided
1586 2621 1653 2667 non
1670 2609 1722 2668 est
1732 2609 1886 2685 peccatum

288 2681 353 2763 figet
371 2698 413 2745 a¹
448 2681 454 2694 '
480 2678 565 2741 iculo
579 2677 777 2738 exteriorum
797 2691 926 2748 rerum,
942 2671 1055 2735 etideb
1107 2677 1248 2739 carnale.
1271 2678 1406 2742 Ratione
1429 2683 1536 2742 tamen
1551 2680 1666 2776 objecti
1689 2685 1826 2746 medium
1845 2685 1888 2744 cst

269 2761 372 2842 magis
393 2760 428 2823 iii
447 2757 618 2823 avaritiam
637 2755 767 2848 labitur·
786 2751 874 2815 Unde
888 2771 946 2831 per
958 2752 1056 2814 talem
1106 2755 1190 2818 inter
1205 2763 1333 2836 peccata
1346 2756 1425 2835 pure
1444 2759 1634 2838 spiritualia,
1658 2763 1887 2843 quaquamst

268 2839 540 2904 insanabilitatem
549 2852 615 2897 non
623 2833 801 2897 ostenditur
812 2836 1055 2910 peccatumesse
1106 2835 1349 2898 delectationem
1368 2838 1567 2917 spiritualem
1587 2841 1673 2904 circa
1686 2841 1810 2924 objecta
1823 2841 1887 2922 spi-

270 2919 424 3000 gmius,
450 2917 506 2980 secl
530 2910 766 2995 quodammodd
791 2930 862 2974 esse
887 2911 1056 2991 periculo-
1106 2914 1885 3001 ritualialsicutsuperbiaestcircaexcellentiam)‚

269 2999 349 3062 sius.
1107 3000 1139 3056 et
1155 2995 1232 3057 vitia
1246 2993 1327 3074 pure
1343 2997 1497 3070 carnalia,
1513 3017 1586 3077 qua
1599 3007 1751 3080 quierunt
1764 3001 1888 3064 delecta·
2004 3029 2005 3036 ι

309 3078 357 3139 Ad
372 3079 524 3156 quartum
536 3071 798 3149 dicendumquod
811 3071 947 3134 auaritia
961 3087 1055 3132 com-
1107 3074 1227 3136 tionem
1239 3072 1320 3154 pure
1339 3077 1540 3156 corporalem
1552 3078 1637 3145 circa
1655 3079 1814 3160 obiectum
1826 3095 1888 3143 cor·

268 3162 405 3238 paratur
416 3154 605 3218 idololatria
617 3170 677 3293 ger
688 3151 859 3231 quamdam
874 3149 1055 3213 similitudi·
1106 3155 1230 3232 porale.

269 3255 361 3313 nem,
375 3252 473 3315 quam
487 3235 617 3297 habeta
651 3231 774 3310 ipsam,
790 3231 963 3309 quiasicut
980 3228 1056 3292 ido-
1146 3232 1555 3300 Ad'secuudumdicendum
1569 3237 1656 3317 qudd
1667 3245 1774 3304 motus
1786 3236 1888 3316 recipit
2005 3239 2006 3254 ³

269 3315 400 3380 lolatria
426 3313 555 3396 subjicit
578 3329 613 3376 se
636 3314 791 3374 creature
812 3309 982 3386 exteriori,
1011 3311 1057 3373 ita
1107 3311 1246 3393 speciem
1267 3313 1443 3376 secundilm
1460 3316 1634 3381 terminum
1657 3319 1698 3380 od
1711 3338 1813 3400 quan,
1830 3333 1887 3378 non

269 3397 513 3468 etiamavarus‚
531 3411 598 3455 non
620 3395 729 3454 samen
748 3390 860 3452 eodem
873 3389 984 3465 modo;
1000 3389 1057 3454 scd
1107 3396 1214 3457 autem
1240 3391 1416 3456 secunddm
1438 3395 1610 3457 terminum
1633 3397 1653 3458 a
1676 3417 1738 3478 quo
1753 3404 1803 3460 :et
1825 3394 1889 3457 ided

268 3475 453 3538 idololatria
461 3472 589 3553 quidem
601 3469 731 3534 sub'icit
744 3489 778 3532 se
792 3473 949 3532 creature
960 3473 1057 3531 exto-
1107 3473 1222 3534 vitium
1235 3473 1352 3535 dicitur
1370 3474 1501 3536 carnale
1515 3494 1556 3537 ex
1572 3475 1635 3538 lioc
1651 3477 1739 3556 quod
1755 3476 1849 3540 tendit
1859 3473 1888 3534 iii

269 3555 360 3628 riori,
371 3564 407 3617 ut
420 3555 572 3623 exhibeat
583 3552 613 3615 ei
624 3569 663 3614 cu
677 3554 746 3612 tum
758 3549 922 3620 divinums
936 3565 1054 3612 avarus
1107 3552 1348 3614 delectationem
1377 3553 1551 3625 carnalem,
1583 3573 1648 3617 non
1675 3562 1784 3620 autem
1796 3573 1837 3618 ex
1855 3569 1889 3616 eo

267 3643 375 3698 autem
387 3634 515 3715 subjicit
529 3635 725 3694 secreaturae
738 3629 890 3691 exteriori
905 3629 1056 3690 immode-
1107 3629 1193 3710 qubd
1206 3631 1442 3710 procediteiiali
1467 3632 1638 3696 uodelectu
1652 3638 1771 3698 carnis.

268 3713 419 3856 ιιὶιὲαιιῗιιι
431 3708 686 3853 ⁰⁰E⁰flff⁵⁸⁶⁰¹¹d⁰
701 3708 741 3771 ad
754 3725 850 3770 usum
866 3725 933 3770 non
947 3711 1054 3770 tameo
1147 3711 1193 3772 ild
1206 3711 1335 3772 tertium
1356 3651 1524 3774 ciconiam
1542 3713 1628 3791 qudd
1651 3713 1888 3798 chrysostomus

239 3811 335 3858 ‚ac
384 3811 451 3855 um.
518 3809 529 3852 i

267 3875 312 3936 tia
329 3865 1056 3950 habeattautamgravitatem,quautauibabet
1105 3874 1159 3931 tur
1186 3869 1359 3944 incarne,
1387 3870 1471 3934 sicut
1497 3871 1732 3949 demoniacus,
1760 3873 1813 3936 sed
1839 3885 1890 3950 per

267 3951 457 4015 idololatria.
1106 3949 1477 4028 oppositum,quiasicut
1492 3950 1707 4016 daemoniacus
1726 3954 1779 4016 ille
1788 3952 1889 4029 dequo

268 4031 448 4094 lauicanos
456 4047 500 4093 vi.
514 4061 553 4076 -
565 4029 592 4093 tl
595 4027 679 4090 trdm
689 4026 827 4090 auaritia
842 4026 883 4088 sit
896 4031 1056 4105 peccatum
1105 4029 1223 4108 legitur
1243 4029 1343 4090 Marc.
1356 4027 1394 4100 ὅ,
1409 4047 1444 4093 se
1457 4030 1651 4108 denudabat,
1669 4032 1716 4097 ita
1729 4049 1843 4098 avarus
1859 4045 1889 4091 se

576 4105 752 4188 spirituale.
1106 4107 1276 4188 superlluis
1291 4107 1409 4172 divitiis
1424 4114 1548 4172 onerat.

309 4190 357 4252 Ad
367 4194 494 4253 sextum
508 4189 554 4252 sic
563 4186 758 4268 proceditur.
774 4185 803 4246 1.
821 4183 952 4247 Videtur
965 4183 1054 4262 qudd
1106 4187 1286 4250 Auricuius
1309 4203 1366 4252 vii.
1387 4186 1548 4251 -lltrilm
1570 4191 1707 4254 coemtio
1723 4193 1767 4256 sit
1788 4189 1888 4253 citium

269 4271 407 4336 avaritia
421 4287 487 4332 ιιοιι
510 4269 552 4332 sit
577 4271 744 4347 peccatum
767 4263 946 4344 spirituale.
968 4265 1053 4327 Pec-
1146 4287 1182 4328 co
1203 4266 1339 4329 itale.—
1355 4265 1485 4348 (adiel.
1503 4267 1553 4345 lid,
1576 4278 1683 4351 quest.
1697 4270 1730 4348 2,
1749 4276 1809 4334 art.
1819 4267 1847 4341 3,
1862 4271 1887 4326 et

268 4355 341 4414 cata
352 4351 438 4414 enim
446 4348 627 4429 spiritualia
639 4345 788 4410 videntur
803 4361 873 4406 esse
887 4344 971 4406 circa
987 4344 1056 4422 spi·
1183 4345 1236 4409 at.
1266 4353 1352 4410 aest.
1371 4345 1402 4422 8,
1420 4355 1482 4409 art.
1502 4348 1533 4423 1,
1552 4367 1651 4430 corp„
1670 4358 1700 4412 et
1718 4357 1823 4433 quest.
1844 4344 1887 4416 13,

267 4430 397 4494 ritualia
410 4432 506 4492 bona.
518 4426 578 4508 Sed
587 4425 721 4490 materia
729 4423 872 4487 avaritiae
886 4427 962 4486 sunt
969 4423 1055 4485 bona
1145 4436 1206 4488 ort.
1221 4426 1251 4488 3.

269 4510 468 4591 corporalia,
487 4508 609 4570 scilicet
622 4506 799 4568 exteriores
821 4503 949 4565 divitias.
967 4503 1053 4582 Ergo
1145 4505 1193 4566 Ad
1216 4507 1386 4585 septimum
1413 4507 1460 4568 sic
1485 4508 1679 4586 proceditur.
1709 4509 1738 4572 1.
1765 4505 1890 4570 Videtur

268 4589 406 4655 avaritia
416 4605 482 4650 ιιοιι
496 4591 546 4650 est
559 4590 726 4666 peccatum
736 4582 914 4676 spirituale.
1106 4584 1194 4676 qudd
1205 4586 1341 4649 avaritia
1354 4601 1419 4647 non
1435 4587 1477 4648 sit
1489 4587 1601 4650 vitium
1617 4588 1765 4682 capitale.
1780 4583 1889 4650 Avari-

309 4670 340 4730 2.
359 4671 537 4740 Praeterea,
561 4670 726 4746 peccatum
755 4663 923 4743 spirituale
941 4665 1055 4724 contra
1106 4667 1150 4728 tia
1161 4665 1247 4726 enim
1262 4666 1436 4744 opponitur
1447 4666 1630 4730 liberalitati
1640 4672 1725 4730 siciit
1739 4667 1852 4738 medio,
1863 4663 1890 4723 ct

269 4746 574 4816 carnaledividitur.
596 4743 656 4807 Sed
677 4743 813 4807 ovantia
837 4741 1055 4803 videturesse
1107 4743 1323 4825 prodigalitati
1338 4745 1421 4807 sicut
1438 4749 1593 4807 extremo.
1614 4747 1674 4810 Sed
1695 4765 1801 4828 neque
1814 4745 1890 4806 lilie-

267 4833 437 4910 peccatum
451 4825 582 4890 carnale
595 4843 603 4883 a
616 4823 763 4903 sequitur
776 4822 861 4884 enim
872 4821 1055 4898 corruptio·
1106 4823 1218 4886 ralitas
1234 4830 1282 4886 est
1296 4824 1480 4903 principalis
1496 4825 1610 4900 virtus,
1629 4844 1735 4906 neque
1745 4824 1890 4907 prodiga-

269 4926 344 4972 nem
358 4907 477 4981 carnis,
492 4909 529 4968 ut
541 4907 629 4985 patet
642 4903 675 4964 iii
691 4903 841 4977 senibus,
855 4902 911 4994 qui
925 4905 1056 4992 propter
1107 4900 1179 4966 litas
1194 4903 1307 4965 vitium
1322 4904 1468 4983 capitale.
1477 4903 1561 4984 Ergo
1578 4906 1674 4967 etiam
1686 4905 1821 4969 avaritia
1830 4915 1888 4963 non

267 4994 393 5052 naturae
408 4985 547 5050 carnalis
560 4983 716 5046 deiectum
737 4984 770 5043 iii
786 4981 955 5044 avaritiam
968 4980 1056 5040 inci-
1108 4981 1200 5043 debet
1214 4984 1289 5061 poni
1304 4983 1416 5044 vitium
1433 4983 1581 5062 capitale.

267 5069 359 5131 dunt.
374 5067 460 5147 Ergo
470 5064 608 5130 avaritia
622 5080 688 5124 non
707 5067 756 5124 est
771 5064 938 5142 peccatum
952 5057 1055 5137 spiri·
1146 5059 1176 5120 2.
1195 5063 1366 5136 Praeterea,
1388 5063 1470 5123 sicut
1488 5079 1587 5142 supra
1609 5062 1728 5126 dictum
1750 5067 1809 5136 est,
1831 5057 1888 5150 ¹¹2⁹

267 5147 367 5212 tuate.
1107 5157 1162 5218 qu.
1178 5139 1233 5216 at,
1249 5147 1309 5204 art.
1332 5141 1351 5201 3
1373 5145 1404 5204 ct
1425 5138 1456 5216 li,
1477 5142 1532 5205 illa
1551 5143 1702 5205 dicuutur
1728 5161 1797 5205 esse
1819 5141 1888 5202 sitio

308 5225 338 5288 3.
353 5227 695 5303 Praeterea‚peccatum
705 5217 1056 5296 carnaleestperquod
1107 5219 1257 5296 capitalia
1283 5237 1355 5300 que
1383 5220 1504 5282 habent
1526 5223 1717 5301 principales
1746 5221 1835 5292 fines,
1853 5213 1887 5278 ad

267 5307 363 5370 etiam
376 5323 492 5384 corpus
504 5303 642 5366 hominis
652 5299 870 5372 deordinatur,
880 5295 1056 5359 secundilni
1107 5315 1189 5377 quos
1205 5299 1394 5363 ordinantur
1405 5299 1486 5361 lines
1501 5301 1639 5363 aliorum
1658 5302 1819 5365 vitiorum.
1836 5291 1887 5356 Sed

267 5387 348 5448 illud
374 5383 517 5464 Apostoli
536 5382 552 5443 1
577 5379 721 5444 Corinth.
737 5378 756 5438 6
776 5376 831 5452 18,
848 5397 855 5438 :
871 5377 935 5454 Qui
953 5375 1056 5459 sorni-
1108 5377 1169 5440 boc
1185 5395 1250 5440 non
1262 5379 1412 5459 competit
1422 5379 1567 5442 avaritie
1581 5401 1590 5440 ι
1606 5381 1684 5459 quia
1698 5379 1814 5444 divitiae
1828 5389 1887 5436 ιιοιι

267 5473 369 5534 catur,
389 5466 425 5526 iii
449 5479 563 5544 corpiis
584 5479 674 5522 suum
688 5463 808 5552 peccat.
834 5455 894 5517 Sed
918 5455 1056 5520 ιιιιίιιι
1107 5455 1227 5520 habent
1252 5459 1411 5520 rationem
1428 5456 1514 5534 finis,
1533 5459 1588 5520 scd
1612 5461 1712 5540 magis
1737 5459 1887 5521 rationem

268 5547 364 5608 etiam
387 5541 598 5622 corporaliter
612 5541 775 5600 hominem
796 5542 910 5612 vexat3
925 5534 1056 5598 undeet
1108 5534 1177 5616 ejus
1194 5537 1279 5614 quod
1292 5541 1340 5599 est
1354 5535 1512 5612 adfinem,
1528 5542 1564 5599 ut
1577 5538 1693 5601 dicitur
1705 5540 1737 5600 iii
1750 5539 1766 5598 1
1778 5533 1887 5602 asnia,

266 5629 513 5710 chrysostomus
520 5623 621 5686 Marc.
636 5619 975 5699 bcomparatavarum
990 5618 1057 5708 die-
1108 5631 1178 5716 cap:
1196 5615 1486 5688 auscultaturus
1500 5617 1635 5682 avaritia
1649 5612 1887 5680 nonestvitiuni

266 5693 1056 5860 ffiffiwiqffllfolliigirieiivsiiriiiarsiggniidssesiiiss
1108 5699 1370 5856 cagflilliffeterea,
1395 5779 1569 5863 Giegoiim
1599 5781 1675 5847 dicit
1700 5781 1738 5847 15
1767 5775 1886 5846 ilerd-s

267 5883 339 5930 esse
351 5868 515 5946 peccatum
527 5859 703 5939 spirituale.
1109 5873 1178 5936 cop.
1194 5857 1242 5936 lli,
1263 5860 1295 5920 iii
1315 5863 1434 5938 princ,
1451 5861 1534 5940 qiibd
1562 5864 1697 5927 scaritis
1715 5855 1886 5943 quandoque

551 3789 589 3853 ed
605 3806 672 3851 nou
695 3792 822 3867 oportet
836 3787 922 3866 quoii
941 3788 1056 3850 avari·
1107 3794 1412 3870 comparatavarum
1419 3789 1699 3866 demoniaconion
1710 3797 1888 3874 quievere·
