4080 6346
208 357 257 417 fif

247 475 279 538 d.
298 477 465 546 Praeterea,
482 474 649 553 peccatum
660 468 797 533 mortale
810 485 876 532 non
892 466 998 532 solrlm

209 557 347 625 retrahit
359 553 379 620 tl
392 551 597 634 perfectione,
611 549 666 614 secl
681 550 778 614 etiam
791 547 811 613 d
825 551 996 688 precepto.

208 641 268 704 Sed
284 638 381 699 timor
394 651 459 696 non
474 627 817 709 retrahitdprtecepto,
827 629 882 690 sed
893 645 930 690 so
942 625 999 691 rlm

208 719 228 786 d
241 715 436 800 perfectione
449 733 457 773 z
469 711 546 792 quia
559 728 598 772 su
621 727 658 772 er
669 709 746 770 illud
758 710 931 772 Deuteron.
941 707 996 769 20:

208 799 272 878 Qui
295 803 339 857 est
358 794 446 855 bomo
464 729 703 874 [ormichosum
718 795 746 849 et
760 788 852 850 corde
860 787 996 868 pavido,

209 884 283 950 etc,
309 873 384 936 dicit
413 871 528 934 Glossa
556 869 637 952 (ord.
667 867 779 949 lsid.):
807 869 905 930 Docet
933 884 999 956 non

195 947 999 1110 acccircumstridentibus:

206 1116 266 1179 huc
287 1112 405 1178 nudari
417 1109 549 1172 tmcnis
560 1106 670 1188 opibus
688 1104 890 1188 pertimescit.
911 1107 998 1188 Ergo

206 1197 304 1260 timor
321 1195 445 1254 nonest
457 1193 625 1269 peccatum
638 1185 786 1249 mortale.

246 1275 305 1337 Sed
316 1274 428 1336 contra
441 1272 490 1330 est
500 1267 586 1346 qubd
601 1283 660 1345 pro
673 1267 743 1344 solo
753 1269 884 1346 peccato
900 1280 996 1328 mor·
1021 1333 1024 1340 ,

205 1355 262 1418 tali
275 1354 409 1416 debetur
422 1364 516 1430 prena
526 1345 642 1408 inferni
662 1363 757 1424 :quas
780 1349 887 1407 tamen
902 1345 997 1407 debe·

205 1441 260 1496 tur
283 1431 420 1502 timidis,
451 1425 628 1490 secuudum
652 1424 731 1486 illud
761 1426 859 1504 hpoe.
887 1424 937 1498 21,
953 1421 995 1486 8:

204 1511 350 1581 Timidis,
365 1517 392 1570 et
408 1506 592 1580 incredulis,
603 1511 631 1565 et
642 1505 806 1572 execratis,
828 1506 901 1576 etc,
945 1521 997 1565 crs

205 1592 266 1654 erit
286 1591 321 1654 in
343 1587 484 1669 stagnei
506 1585 574 1655 nis,
600 1591 629 1644 et
647 1582 824 1663 sulphuris,
845 1601 905 1663 quo
952 1590 997 1644 est

202 1689 287 1733 mors
309 1667 455 1810 lassando.
479 1603 566 1746 ἕπεο
588 1663 740 1726 timiditas
767 1666 815 1725 est
829 1666 995 1741 peecatum

203 1755 308 1813 morta
321 1767 350 1812 e.

243 1825 432 1909 llespondeo
458 1821 626 1886 dicendum
659 1821 757 1902 qubd,
787 1821 870 1883 sicut
895 1837 995 1900 supra

202 1909 322 1972 dictum
342 1911 403 1976 est,
419 1904 511 1967 art.1
538 1901 605 1983 huj.
622 1919 691 1980 qu.,
716 1903 812 1962 timor
827 1908 994 1979 peccatum

202 1993 253 2052 est
275 1980 451 2052 secundum
472 1981 558 2062 quod
580 1985 629 2043 est
650 1981 872 2053 inordinatus,
898 1983 995 2060 prout

202 2067 325 2131 scilicet
336 2063 453 2143 refugit
466 2061 553 2142 quod
564 2077 629 2122 non
646 2067 695 2122 est
708 2054 884 2122 secuudum
895 2061 995 2122 ratio·

203 2165 279 2210 uem
305 2142 540 2225 refugiendum.
570 2139 645 2202 llaec
671 2144 779 2202 autern
798 2138 993 2201 inordinatio

202 2225 327 2288 timoris
339 2221 537 2303 quandoque
551 2219 681 2298 quidem
695 2218 842 2280 consistit
865 2218 898 2280 in
922 2219 992 2281 solo

202 2304 345 2385 appetitu
361 2301 527 2374 sensitiro,
553 2315 619 2360 non
640 2299 890 2378 superveniente
916 2315 993 2360 con·

202 2402 301 2448 sensu
313 2379 481 2448 rationalis
498 2375 658 2458 appetitus
670 2399 678 2452 ς
692 2383 724 2440 et
734 2377 780 2440 sic
794 2393 860 2438 non
887 2381 992 2456 potest

201 2482 273 2528 esse
296 2464 460 2544 peccatum
476 2458 625 2530 mortale,
644 2456 699 2518 sed
726 2455 831 2518 solum
854 2457 990 2520 veniale.

205 2543 401 2622 Quandoque
415 2539 492 2602 verb
516 2537 699 2616 hujusmodl
730 2536 926 2598 inordinatio
952 2538 992 2598 ti-

204 2625 301 2685 moris
318 2619 471 2701 pertingit
482 2634 587 2696 usque
604 2615 644 2677 ad
654 2615 831 2695 appetitum
848 2617 991 2678 rationa-

200 2703 282 2774 lem,
297 2701 354 2782 qui
367 2699 484 2762 dicitur
497 2695 664 2769 voluntas,
690 2695 746 2774 qui
759 2713 801 2757 ex
818 2693 919 2756 libero
934 2711 991 2758 ar-

201 2783 295 2844 bitrio
317 2778 434 2860 refugit
457 2774 578 2854 aliquid
604 2791 670 2836 uon
696 2771 872 2836 secundum
889 2775 991 2836 ratio-

200 2880 274 2924 nem
288 2881 297 2921 ε
313 2859 424 2922 ettafis
440 2853 636 2918 inordinatio
650 2855 775 2916 timoris
794 2854 989 2934 quandoque

200 2945 249 3002 est
264 2944 430 3020 peccatum
456 2933 611 3006 mortale,
638 2933 833 3013 quandoque
850 2934 987 2996 veniale.

198 3019 231 3082 Si
244 3020 329 3082 enim
344 3016 461 3096 aliquis
475 3019 607 3094 propter
618 3013 776 3085 timorem,
792 3029 858 3090 quo
870 3013 990 3093 refugit

199 3099 378 3178 periculum
415 3093 527 3156 mortls
558 3094 609 3155 vel
640 3091 865 3170 quodcumque
901 3092 989 3155 aliud

199 3177 375 3258 temporale
384 3176 523 3244 malurn,
536 3172 582 3234 sic
595 3171 769 3249 dispositus
785 3176 834 3232 est
845 3173 882 3233 ut
893 3171 989 3234 faciat

197 3257 319 3336 aliquid
336 3253 546 3336 prohibitum,
563 3250 613 3312 vel
623 3251 846 3390 praeurmiltat
864 3249 989 3328 aliquid

199 3337 287 3416 quod
301 3342 350 3398 est
368 3335 561 3414 praeceptum
577 3331 609 3391 in
636 3347 693 3407 ege
707 3326 837 3403 diunt,
863 3329 936 3391 talis
950 3331 990 3390 ti-

197 3433 269 3478 mor
290 3419 339 3478 est
365 3415 532 3493 peccatum
564 3410 727 3472 mortale:
752 3407 897 3486 alioquin
927 3409 988 3470 erit

198 3500 365 3576 peccatum
381 3491 518 3555 veniale.

236 3575 284 3636 hd
319 3574 439 3636 rimum
451 3585 529 3650 ergo
542 3564 712 3630 dicendum
736 3565 989 3645 quadrationis

219 3593 339 3717 sorsin
353 3651 392 3715 de
407 3651 533 3723 timore,
544 3643 720 3710 secundum
741 3644 827 3725 qudd
844 3647 989 3709 consistit

196 3671 282 3797 rutra
295 3729 547 3797 sensualitatem.

237 3813 284 3875 Ad
297 3810 474 3876 secuudum
486 3807 655 3870 dicendum
665 3805 751 3884 qudd
762 3805 859 3869 etiam
873 3803 988 3869 Glossa

197 3892 254 3954 illa
267 3895 371 3972 potest
387 3887 522 3970 intelligi
545 3887 585 3949 de
600 3886 714 3946 timore
729 3885 986 3947 insensualitate

198 3972 368 4034 existente.
382 3971 442 4033 Vel
453 3971 557 4046 potest
567 3964 681 4027 melicis
691 3965 751 4026 dici
762 3963 848 4044 qubcl
858 3964 912 4026 ille
921 3969 988 4026 toto

196 4051 292 4113 corde
301 4054 441 4113 terretur
450 4048 542 4127 cujus
560 4045 705 4108 animum
716 4044 813 4106 timor
826 4044 928 4107 rineit
945 4044 989 4104 ir·

195 4130 431 4211 reparabiliter.
453 4129 560 4188 Potest
581 4129 689 4187 autern
702 4125 887 4204 confingere
902 4121 988 4202 qnod

196 4209 320 4274 etiamsi
336 4211 434 4271 timor
457 4207 498 4268 sit
512 4208 679 4285 peceatum
694 4204 841 4277 mortale,
855 4220 920 4265 nou
936 4207 990 4266 ta-

195 4307 269 4352 men
294 4287 472 4369 aliquisita
498 4282 659 4347 obstinate
672 4287 812 4346 terretur
819 4283 898 4362 quin
913 4301 988 4362 per·

195 4369 405 4432 suasionibus
432 4363 715 4442 reuocaripossit3
743 4362 989 4441 sientquaudo-

194 4465 259 4529 que
286 4447 404 4528 aliquis
429 4444 616 4517 annualiter
638 4459 795 4522 peccans,
825 4443 987 4520 concupi-

195 4529 325 4592 scentia
351 4522 600 4595 conseutiendo,
624 4527 797 4585 revocatur
820 4539 861 4582 ue
887 4537 987 4600 opere

195 4607 328 4688 impleat
340 4605 428 4687 quod
438 4599 730 4685 proposuitfaeere.

235 4687 283 4750 hd
294 4689 425 4750 tertium
446 4682 615 4746 dicendum
627 4679 715 4758 quod
730 4679 846 4744 Glossa
862 4679 919 4742 illa
931 4677 988 4740 lo-

195 4767 356 4850 quiturde
365 4767 480 4828 timore
495 4765 670 4826 revocante
685 4759 848 4821 hominem
858 4755 877 4821 a
889 4758 986 4834 bono,

218 4847 283 4909 uod
305 4864 371 4909 uon
395 4849 445 4908 est
464 4843 503 4906 de
526 4840 719 4905 necessitate
742 4839 913 4919 precepti,
931 4837 987 4899 sed

195 4864 450 5006 inperfectione
478 4920 616 4985 consilii.
640 4918 727 4982 Talis
758 4921 867 4981 antem
891 4918 988 4979 timor

196 5021 262 5068 non
275 5014 321 5072 est
332 5009 497 5087 peccatum
504 5000 650 5073 mortale,
659 4999 714 5062 sed
725 4994 922 5080 quandoque
933 5013 987 5060 ve-

180 5079 299 5163 'niale3
327 5085 523 5177 quandoque
543 5081 640 5145 etiam
656 5096 722 5142 uon
737 5082 786 5142 est
799 5081 985 5158 peccatum,

195 5164 275 5246 puta
289 5164 362 5230 crim
375 5165 494 5244 aliquis
508 5163 606 5225 babet
620 5159 846 5223 rationabilem
856 5171 988 5220 causam

197 5245 331 5309 timoris.
670 5263 677 5276 ·

198 5328 377 5390 haricuuus
399 5341 443 5390 rr.
461 5358 501 5370 -
520 5319 634 5387 Utrrim
647 5322 742 5384 timor
754 5317 989 5399 eccusetdpec·

554 5409 635 5464 cato.

236 5487 282 5549 hd
291 5489 445 5566 quartum
457 5475 988 5565 sicproeedimr.1.videturqudd

194 5568 293 5631 timor
307 5585 373 5629 non
387 5567 520 5630 excuset
533 5561 554 5627 a
567 5566 708 5642 peccato.
718 5560 830 5622 Timor
844 5557 930 5651 enim
939 5560 987 5620 est

195 5651 380 5746 peceatum,
400 5651 437 5710 ut
457 5646 576 5708 dictum
610 5644 658 5720 est
680 5645 741 5702 art.
761 5641 777 5700 1
803 5639 899 5718 bupus
929 5653 985 5715 qu.

196 5727 256 5788 bed
271 5731 439 5809 peceatum
449 5743 514 5787 non
525 5727 660 5787 excusat
672 5718 843 5800 alpeccato‚
859 5713 988 5780 sedma-

195 5807 415 5968 gizgsgcgarssvat
426 5807 543 5887 ipsum.
555 5805 640 5884 Ergo
654 5801 750 5862 timor
773 5815 838 5860 non
853 5799 987 5860 excusat

785 345 920 420 QUAEST.
940 347 1045 410 CXXV.
1066 349 1110 410 bu
1129 347 1269 412 flffOle.
1289 409 1296 422 ,
1405 361 1409 372 ’

1091 467 1121 530 i.
1140 470 1309 546 Praeterea,
1341 473 1368 536 si
1396 473 1515 556 aliquis
1542 453 1638 540 timor
1662 479 1842 547 excusati
1967 484 1970 490 '

1052 556 1203 630 peceato,
1230 551 1371 615 maxime
1394 561 1566 619 excusaret
1593 557 1691 620 timor
1706 558 1819 623 mortis

1051 631 1107 723 qui
1120 630 1236 692 dicitur
1250 633 1362 695 cadere
1378 634 1411 695 in
1426 639 1627 700 constantem
1637 637 1755 701 sirum.
1780 605 1841 702 sei

1051 709 1102 770 luc
1129 711 1225 772 timor
1243 729 1308 773 non
1324 713 1450 777 videtur
1464 733 1641 792 excusare,
1669 717 1746 796 quia
1768 713 1842 782 culm

1050 805 1138 851 mors
1154 808 1193 851 ex
1208 793 1398 855 necessitate
1417 793 1584 858 immineat
1596 797 1759 870 omuibus,
1775 814 1841 861 non

1051 867 1177 930 ridetur
1192 887 1262 932 esse
1276 871 1428 936 timenda.
1441 873 1526 958 Ergo
1537 875 1635 937 timor
1649 893 1715 940 uon
1732 894 1840 940 excu-

1052 945 1291 1029 satdpeccato.
1382 1027 1386 1036 Ι

1090 1026 1119 1088 3.
1135 1029 1303 1106 Preterea,
1320 1033 1425 1095 omnis
1436 1033 1534 1096 timor
1546 1039 1603 1098 aut
1612 1037 1661 1100 est
1673 1035 1749 1098 mali
1763 1039 1840 1099 tem·

1050 1108 1183 1186 poralis,
1207 1113 1265 1171 aut
1282 1111 1470 1191 spiritualis.
1487 1111 1546 1176 Sed
1563 1114 1660 1178 timor
1679 1115 1757 1179 mali
1773 1117 1842 1196 spi-

1050 1187 1176 1250 ritualis
1190 1205 1255 1250 non
1267 1195 1371 1270 potest
1392 1197 1745 1274 excusarepeccatum,
1761 1197 1841 1276 quia

1050 1284 1115 1328 uon
1131 1267 1252 1330 inducit
1261 1269 1301 1332 ad
1314 1272 1521 1348 peccandum,
1532 1273 1586 1336 sed
1595 1275 1698 1356 magis
1706 1275 1842 1338 retrahit

1049 1343 1214 1427 alpeccato
1232 1367 1240 1408 r
1256 1349 1352 1411 timor
1366 1349 1462 1413 etiam
1485 1353 1561 1415 mali
1579 1354 1763 1432 temporalis
1774 1370 1841 1417 non

1049 1431 1183 1518 excusat
1197 1423 1217 1490 a
1229 1433 1371 1506 peccato,
1387 1431 1465 1509 quia
1477 1432 1560 1494 sicut
1571 1431 1786 1524 Philosophus
1799 1433 1842 1496 di·

1049 1509 1092 1566 cst
1107 1507 1139 1566 in
1161 1505 1313 1582 abente,
1342 1523 1412 1588 cap.
1431 1509 1462 1584 ti,
1486 1515 1561 1573 ante
1581 1512 1676 1586 med,
1699 1513 1841 1594 inopium

1048 1601 1113 1646 non
1126 1594 1250 1665 oportet
1267 1587 1380 1658 timere,
1395 1607 1491 1670 neque
1503 1589 1730 1670 egritudinem,
1744 1595 1841 1674 ireque
1937 1607 1944 1626 ·

1068 1683 1175 1758 ceco·
1206 1685 1242 1805 ute
1261 1685 1327 1728 non
1347 1668 1838 1751 dpropridraotitidproceclunt.

1075 1761 1091 1802 r
1113 1761 1175 1806 ors
1199 1763 1271 1807 eur

1046 1819 1066 1884 tl
1081 1762 1223 1902 pigescato.

1086 1901 1146 1964 Sed
1166 1907 1280 1967 eontra
1302 1909 1350 1968 est
1371 1905 1458 1986 quod
1480 1905 1597 1970 dicitur
1611 1907 1644 1970 in
1665 1907 1791 1972 Deerat.
1806 1909 1836 1986 f,

1046 1985 1160 2058 quest.
1174 1983 1204 2057 f,
1218 1999 1288 2064 cap.
1300 1983 1456 2048 Constet:
1479 1987 1548 2050 Vim
1555 2005 1671 2069 possus
1680 1995 1709 2050 et
1720 1989 1840 2072 incites

1045 2059 1083 2120 cb
1097 2059 1250 2125 hereticis
1264 2063 1448 2136 ordinetur,
1466 2065 1600 2128 colorem
1611 2065 1699 2130 habet
1714 2084 1839 2132 excuso·

1046 2140 1154 2203 tionis.

1084 2220 1273 2300 Respondeo
1287 2221 1456 2286 dicendum
1468 2224 1565 2304 qudd,
1580 2225 1662 2288 sieut
1676 2241 1774 2306 supra
1789 2225 1841 2288 di·

1043 2301 1130 2361 ctum
1144 2305 1209 2372 est,
1225 2306 1285 2363 art.
1308 2321 1418 2383 prae,
1439 2303 1534 2366 timor
1550 2305 1584 2366 in
1604 2308 1729 2368 tautum
1743 2306 1841 2369 habet

1044 2379 1202 2441 rationem
1215 2383 1355 2460 peccati,
1372 2382 1406 2442 in
1423 2387 1581 2461 quantum
1596 2388 1644 2445 est
1659 2389 1770 2448 contra
1783 2401 1840 2446 or-

1043 2456 1149 2520 dinem
1163 2459 1309 2523 rationis.
1324 2463 1418 2524 ilatio
1433 2467 1541 2526 autem
1553 2461 1676 2542 judicat
1692 2463 1838 2543 quedam

1042 2537 1129 2600 mala
1143 2557 1213 2602 esse
1232 2541 1334 2620 magis
1353 2541 1425 2602 aliis
1443 2539 1604 2622 fugienda.
1619 2541 1660 2603 Et
1674 2542 1745 2604 ided
1759 2544 1840 2622 qui-

1043 2633 1192 2696 cumque,
1205 2624 1242 2679 ut
1254 2618 1356 2700 fugiat
1367 2620 1452 2682 mala
1487 2620 1727 2682 uerecundum
1740 2623 1840 2684 ratio·

1042 2713 1117 2757 nern
1136 2701 1213 2758 sunt
1232 2714 1284 2760 ma
1309 2699 1335 2760 is
1356 2639 1524 2791 tugumir,
1542 2717 1607 2761 uon
1622 2699 1740 2780 refugit
1753 2701 1840 2765 mala

1042 2792 1114 2854 qum
1128 2781 1204 2837 sunt
1217 2716 1324 2839 minis
1340 2775 1506 2857 fugienda,
1523 2797 1587 2840 uon
1604 2779 1740 2842 incurrit
1755 2797 1837 2858 peo-

1042 2859 1149 2917 catum
1160 2875 1169 2929 ;
1182 2857 1265 2918 sicut
1279 2857 1379 2952 magis
1393 2861 1441 2919 est
1454 2857 1603 2938 fugienda
1617 2875 1705 2921 mors
1720 2875 1838 2940 corpo-

1041 2933 1839 3017 ralisqudmamissrorerumtemporalium.llnde

1042 3013 1069 3076 si
1081 3014 1155 3106 quis
1165 3019 1297 3094 propter
1307 3017 1453 3078 timorem
1463 3019 1574 3078 mortis
1585 3017 1765 3080 latronibus
1779 3017 1838 3080 ali·

1042 3093 1118 3171 qurd
1139 3095 1354 3172 promitteret,
1377 3098 1434 3158 aut
1457 3095 1565 3170 daret,
1590 3095 1838 3160 excusareturd

1041 3179 1193 3250 peccato;
1209 3173 1295 3252 quod
1311 3174 1503 3249 incurreret,
1518 3175 1545 3236 si
1560 3174 1630 3238 sine
1643 3175 1743 3240 causi
1757 3177 1786 3237 le
1811 3175 1818 3192 '

1041 3249 1119 3313 tima
1138 3253 1360 3329 pretermissis
1378 3254 1484 3328 bonis,
1500 3255 1618 3333 quibus
1634 3259 1719 3316 esset
1734 3193 1840 3335 magis

1041 3328 1200 3403 dandum,
1220 3332 1442 3408 peccatoribus
1466 3332 1651 3412 largiretur.
1676 3333 1707 3394 Si
1729 3337 1837 3396 autern

1039 3409 1159 3487 aliquis
1172 3427 1230 3488 per
1243 3411 1389 3472 timorem
1401 3411 1526 3491 fugiens
1540 3411 1625 3474 mala
1637 3428 1710 3492 qum
1722 3430 1838 3475 secun-

1040 3485 1116 3549 drim
1130 3489 1289 3550 rationem
1304 3492 1380 3550 sunt
1395 3485 1501 3552 minias
1515 3488 1678 3570 fugienda,
1694 3490 1838 3554 incurrat

1040 3567 1211 3646 malaque
1225 3563 1402 3630 secundum
1414 3569 1573 3631 rationem
1583 3574 1659 3632 suut
1669 3571 1771 3652 magis
1784 3569 1839 3634 fu-

1283 1745 1370 1826 qubd
1384 1748 1482 1824 timor
1493 1749 1692 1812 nullomodo
1705 1755 1840 1814 excuset

1040 3646 1174 3726 gieuda,
1192 3662 1257 3707 non
1271 3651 1381 3725 posset
1396 3647 1537 3709 totaliter
1553 3645 1573 3711 d
1587 3653 1718 3728 peccato
1735 3667 1838 3714 excu-
1919 3686 1926 3698 ·

1040 3725 1118 3798 sari,
1134 3726 1212 3804 quia
1227 3727 1324 3788 timor
1338 3727 1410 3788 talis
1429 3727 1631 3791 inordinatus
1646 3734 1741 3791 esset.
1757 3729 1838 3794 Sunt

1040 3809 1148 3868 autem
1160 3807 1262 3885 magis
1273 3805 1413 3868 timenda
1423 3805 1741 3886 malaauimaequdm
1751 3808 1837 3873 mala

1040 3884 1204 3962 corporis;
1226 3885 1370 3964 corporis
1389 3889 1497 3948 autem
1517 3886 1618 3980 magis
1634 3886 1733 3980 qudm
1751 3888 1838 3951 mala

1041 3965 1238 4026 exteriorum
1258 3982 1380 4026 rerum.
1401 3965 1441 4025 Et
1459 3964 1530 4027 ided
1550 3982 1578 4027 ει
1621 3984 1671 4030 urs
1692 3967 1837 4030 incurrat

1040 4043 1126 4106 mala
1147 4043 1279 4117 animoa,
1298 4043 1330 4105 id
1350 4047 1417 4117 est,
1440 3983 1732 4126 peccataffmstm
1752 4045 1837 4110 mala

1041 4125 1197 4202 corporis,
1215 4120 1293 4202 puta
1305 4123 1443 4204 flagella,
1458 4125 1508 4186 vel
1523 4129 1669 4200 mortem,
1684 4126 1837 4190 animala

1041 4203 1239 4266 exteriorum
1254 4221 1383 4278 rerum,
1401 4201 1480 4282 puta
1499 4203 1653 4266 damnum
1673 4205 1836 4284 pecunias,

1041 4288 1098 4345 aut
1116 4283 1143 4344 si
1163 4283 1320 4345 sustineat
1340 4283 1427 4358 mala
1447 4283 1611 4362 corporis,
1627 4289 1664 4344 ut
1682 4283 1760 4346 vitet
1773 4284 1837 4346 da-

1040 4379 1151 4422 mnum
1176 4363 1339 4440 pecuniae,
1364 4377 1430 4422 non
1454 4366 1630 4424 excusatur
1653 4362 1794 4424 totaliter
1816 4361 1837 4426 d

1040 4446 1182 4522 peccato.
1197 4441 1394 4502 Diminuitur
1403 4444 1511 4503 tamen
1525 4439 1700 4503 secundirm
1714 4441 1837 4522 aliquid

1040 4521 1110 4601 ejus
1131 4525 1314 4598 peccatum,
1329 4519 1406 4598 qnia
1423 4516 1530 4582 minus
1550 4520 1771 4584 voluntarium
1788 4526 1838 4584 est

1040 4599 1129 4679 quod
1145 4617 1186 4660 ex
1202 4599 1316 4659 timore
1331 4597 1456 4677 agitur;
1472 4598 1650 4694 imponitur
1669 4601 1754 4664 enim
1774 4599 1839 4662 ho-

1040 4679 1119 4740 mini
1132 4677 1278 4771 quaedam
1291 4676 1465 4740 necessitas
1480 4677 1601 4758 ahquid
1615 4679 1749 4744 faciendi
1763 4697 1838 4759 pro·

1042 4761 1113 4838 pter
1127 4763 1274 4819 tumorem
1290 4756 1521 4820 imminentem.

1080 4836 1169 4900 Unde
1181 4836 1407 4916 Philosophus,
1419 4836 1475 4899 lib.
1490 4835 1635 4914 alithin,
1650 4855 1720 4918 cap.
1735 4839 1764 4914 1,
1776 4838 1837 4900 bu·

1037 4916 1179 5000 jusmodi
1194 4933 1267 4995 qum
1281 4934 1322 4977 ex
1337 4916 1451 4980 timore
1471 4916 1571 4992 fiunt,
1585 4918 1660 4981 dicit
1679 4935 1750 4980 esse
1769 4935 1836 4980 nou

1041 4995 1228 5076 simpliciter
1241 4996 1444 5070 voluntaria,
1460 4995 1515 5060 sed
1534 4997 1637 5061 mixta
1656 5015 1697 5060 ex
1714 4995 1836 5062 volun-

1040 5077 1124 5140 tario
1141 5081 1173 5138 et
1187 5075 1417 5139 involuntario.

1081 5155 1128 5217 hd
1141 5155 1281 5234 primum
1294 5172 1371 5236 ergo
1381 5155 1551 5219 dicendum
1564 5155 1649 5235 qudd
1662 5157 1758 5218 timor
1770 5173 1835 5219 non

1041 5240 1174 5299 excusat
1191 5253 1230 5296 ex
1245 5233 1284 5298 ea
1297 5241 1387 5315 parte
1398 5233 1463 5316 qua
1476 5241 1523 5300 est
1535 5241 1713 5315 peecatum,
1727 5235 1835 5298 sodex

1041 5315 1079 5380 ef
1094 5318 1184 5395 parte
1199 5313 1264 5394 qud
1279 5322 1327 5376 est
1341 5315 1607 5378 involuntarium.

1082 5395 1129 5456 hd
1148 5394 1326 5457 secundum
1342 5393 1512 5458 dicendum
1532 5394 1637 5474 qudd,
1657 5393 1732 5458 lieet
1749 5411 1835 5457 mors

1042 5475 1191 5538 omnihus
1219 5474 1385 5536 immineat
1414 5491 1456 5536 ex
1485 5475 1695 5550 necessitate,
1729 5480 1836 5538 lamen

1041 5555 1113 5636 ipsa
1126 5555 1296 5616 diminutio
1317 5553 1502 5632 temporalis
1520 5554 1593 5617 ritae
1611 5560 1659 5618 est
1676 5554 1836 5636 quoddam

1040 5636 1174 5709 malum,
1189 5638 1220 5698 et
1234 5650 1292 5713 per
1305 5651 1507 5711 consequens
1522 5633 1711 5697 timendum.

1082 5715 1128 5777 hd
1141 5715 1270 5777 tertium
1284 5711 1453 5774 dicendum
1467 5713 1553 5791 quod
1567 5715 1743 5780 secundum
1755 5713 1837 5778 Stoi·

1041 5813 1113 5870 cos,
1130 5794 1185 5874 qui
1201 5794 1364 5874 ponebant
1378 5792 1463 5855 bona
1478 5797 1667 5874 temporalia
1684 5811 1749 5858 non
1764 5813 1836 5858 esse

1042 5875 1181 5937 hominis
1195 5875 1292 5947 bona,
1308 5872 1455 5954 sequitur
1468 5891 1509 5935 ex
1525 5876 1734 5956 consequenti
1749 5871 1836 5959 qnod
