4076 6358
152 357 202 420 sor
747 343 881 424 uhinsr.
901 341 1020 428 aaut.
1042 351 1085 410 nu
1104 341 1194 410 uoto.
1734 361 1790 433 g„
1821 307 1827 320 ’

150 461 945 548 aunsedroscilieetiooisiditiolieipereoqueso·
1037 465 1224 546 despondeo
1236 464 1404 534 dicendum
1416 465 1503 550 quod
1511 463 1654 540 deiectus
1665 483 1789 558 peceati

151 557 295 620 starent,
310 548 468 612 intellectu
480 543 822 628 conspiciuntur.iieus
837 551 944 610 autem
997 545 1141 609 consistit
1161 546 1195 608 in
1209 545 1379 612 aversione
1402 545 1422 621 a
1443 549 1522 631 Deo,
1538 556 1574 616 ut
1591 553 1712 620 dictum
1738 569 1788 626 est

150 650 209 712 per
223 627 397 692 essentiam
420 643 512 692 suam
530 631 579 688 est
600 625 670 704 ipsa
689 625 829 688 bonitas.
845 643 944 704 quam
996 642 1052 718 qu.
1070 625 1120 701 10,
1134 630 1196 688 art.
1214 635 1242 686 :t
1257 625 1448 708 Hujusmodi
1463 634 1571 694 autem
1585 636 1712 700 aversio
1726 657 1786 705 ra-

149 711 261 774 nutius
277 709 397 771 habero
424 704 497 769 odio
518 708 634 786 potest,
661 704 797 786 quiade
818 705 943 770 ratione
996 707 1117 768 honem
1136 705 1238 784 cuipas
1258 721 1324 768 uon
1346 705 1495 786 haberet,
1517 709 1578 776 nisi
1604 715 1788 788 voluntaria

149 789 226 856 boni
254 797 302 852 est
325 793 363 850 ut
381 792 523 859 ametur;
546 791 578 848 et
594 785 664 848 ideo
683 783 883 866 impossihile
894 788 945 848 est
996 786 1092 846 esset.
1109 783 1196 848 Unde
1209 785 1291 848 ratio
1307 783 1409 866 culpe
1424 788 1569 856 consistit
1581 791 1614 854 in
1629 795 1789 863 volunta-

149 866 365 1012 addititii
375 865 485 932 ‘mm
497 865 597 930 Μ
607 863 943 945 ¹¹⁹'⁹⁸⁵⁰¹¹‘¹³¹¹¹’⁰¹¹m
995 857 1420 1008 ‘tibairiadau
1433 945 1672 1016 aversana

189 1027 249 1092 Sed
274 1021 405 1098 effectus
438 1023 508 1106 ejus
537 1023 638 1104 aliqui
665 1025 742 1085 sunt
769 1021 824 1104 qui
854 1021 943 1086 nullo
996 1021 1124 1100 quidem
1139 1023 1331 1102 importatur
1340 1023 1373 1086 in
1385 1023 1456 1086 odio
1473 1023 1541 1106 Dei,
1554 1029 1586 1089 in
1596 1029 1668 1094 aliis
1679 971 1788 1101 ffig

148 1107 471 1186 modopossuntesse
487 1103 640 1168 contrarii
651 1101 807 1166 voluntati
826 1101 944 1168 huma·
996 1102 1134 1180 peccatis
1173 1101 1266 1184 quasi
1297 1101 1518 1184 participative
1554 1112 1585 1168 et
1610 1107 1788 1178 secundun

148 1182 799 1329 itttiitmutuitanti-‘tiititi
811 1186 869 1322 tt
895 1199 945 1324 ti
996 1179 1201 1328 ”iiiiii
1216 1181 1593 1326 dictitabatur
1607 1185 1741 1331 efflas
1757 1194 1788 1334 i

150 1347 283 1408 etiectus
312 1343 381 1406 Dei.
413 1341 502 1406 Unde
532 1277 835 1404 uiamqsecundhui
857 1339 944 1421 quod
996 1278 1072 1401 gdit.
1088 1297 1316 1420 Undeq'uaudo
1331 1339 1449 1420 aliquis
1465 1283 1656 1422 oestheim,
1673 1288 1788 1414 roffi·

148 1425 235 1488 Deus
252 1421 503 1504 apprehenditur
524 1424 560 1482 ut
582 1425 695 1484 auctor
718 1419 835 1485 horum
861 1417 945 1484 etie-
995 1418 1125 1499 tascius
1140 1417 1317 1482 secunddm
1336 1437 1370 1486 se
1383 1423 1474 1484 abeo
1490 1423 1662 1500 avertitur3
1683 1427 1788 1494 sedin

147 1509 278 1578 ctuum,
298 1519 365 1564 non
384 1505 489 1581 potest
511 1497 584 1562 odio
604 1499 727 1562 haberi.
742 1497 943 1562 Sontauteur
996 1499 1068 1560 eliis
1091 1501 1248 1578 peccatis,
1293 1495 1350 1564 uta
1364 1495 1436 1562 crim
1459 1501 1577 1580 aliquis
1590 1504 1786 1584 fornicatur,

147 1583 280 1663 quidam
304 1579 437 1646 euectus
455 1577 513 1642 bei
538 1580 594 1657 qni
614 1582 798 1659 repugnant
819 1579 945 1642 inordi-
996 1595 1062 1638 uon
1075 1519 1341 1643 avertiturafieo
1356 1575 1588 1656 secundinae,
1601 1581 1658 1646 sed
1672 1603 1788 1652 secun·

148 1669 234 1726 uatre
251 1659 422 1736 voluntati,
436 1657 518 1722 sicut
530 1655 662 1720 indictio
676 1675 789 1737 ponae,
803 1660 835 1720 et
848 1659 944 1722 etiam
995 1655 1072 1718 dium
1083 1656 1188 1732 atiud,
1203 1657 1236 1719 in
1252 1663 1409 1738 quantum
1430 1659 1550 1722 seilicet
1560 1664 1681 1742 appetit
1695 1666 1789 1729 inor-

148 1743 302 1804 cohihitio
328 1743 534 1822 pcccatorum
563 1755 621 1818 per
645 1737 751 1818 iegem
782 1736 941 1814 divinan13
995 1735 1137 1808 dinatam
1149 1737 1403 1814 delectationem,
1419 1753 1491 1820 queo
1511 1739 1608 1802 habet
1626 1757 1789 1813 annexam

147 1837 222 1901 quae
234 1822 417 1902 repugnant
432 1817 588 1882 voluntati
606 1815 788 1898 depravate
799 1835 857 1898 per
867 1836 945 1898 pcc·
996 1817 1198 1880 eversionem
1220 1813 1241 1882 a
1262 1817 1341 1880 Deo.
1369 1812 1500 1898 Semper
1525 1821 1680 1885 autemid
1700 1823 1788 1902 qaod

149 1909 275 1974 catum3
300 1905 330 1960 et
344 1893 502 1978 quantdru
520 1893 560 1958 ud
585 1895 875 1960 considerationem
892 1901 945 1960 ta·
996 1899 1045 1958 est
1057 1913 1117 1976 per
1132 1915 1179 1972 se,
1203 1899 1251 1960 est
1269 1895 1376 1978 potius
1392 1913 1431 1962 co
1450 1895 1535 1978 quod
1550 1904 1599 1962 est
1612 1896 1789 1971 secundum

147 1981 229 2042 tium
265 1977 452 2051 effectuum,
485 1975 526 2038 ab
561 1975 724 2055 aliquibus
754 1971 840 2038 Dens
868 1976 943 2038 odio
996 1973 1095 2038 aliud.
1109 1974 1197 2040 Unde
1211 1975 1320 2040 odium
1337 1976 1396 2041 Dei
1410 1977 1495 2041 inter
1510 1977 1575 2043 alia
1593 1993 1724 2062 peecata
1740 1987 1790 2048 est

148 2059 261 2122 haberi
275 2061 396 2140 potest,
410 2055 444 2118 in
459 2053 615 2135 quantum
631 2055 753 2120 scilicet
764 2053 945 2137 apprehen·
996 2054 1140 2136 grauius.

148 2137 237 2200 ditur
260 2139 466 2218 peccatorum
490 2135 690 2214 prohibitor,
717 2138 750 2198 et
774 2151 944 2214 poenarum
1036 2133 1083 2196 dd
1094 2134 1232 2215 primum
1241 2152 1319 2218 ergo
1329 2134 1497 2200 dicendum
1507 2136 1605 2218 qood,
1619 2139 1790 2206 sioutGre-

148 2215 300 2280 inflictor.
616 2275 621 2286 ,
914 2293 920 2308 1
996 2203 1502 2306 goriusdicitiihbdorai.,cap.2,
1536 2215 1788 2300 ummapruc,

189 2297 236 2358 Ad
260 2297 401 2376 primum
433 2311 511 2376 ergo
546 2293 715 2356 dicendum
745 2289 831 2374 qubd
859 2298 943 2356 ratro
996 2293 1085 2356 atiud
1099 2303 1142 2356 est
1154 2293 1235 2356 bono
1247 2313 1311 2358 oon
1333 2313 1428 2366 acere,
1443 2305 1472 2357 et
1484 2235 1573 2359 ahud
1584 2306 1627 2360 ert
1637 2297 1790 2364 bonorum

149 2377 206 2440 itia
232 2373 377 2456 procedit
399 2371 556 2456 quantum
589 2373 628 2436 ad
655 2373 727 2436 iilos
753 2374 809 2454 qui
836 2373 945 2436 vident
998 2373 1098 2435 odisse
1120 2373 1258 2436 dotorem
1281 2373 1310 2456 (1
1335 2395 1343 2450 ς
1364 2375 1444 2438 sicut
1459 2370 1548 2438 atiud
1562 2385 1606 2440 cst
1620 2379 1791 2460 capreri-

149 2457 208 2518 Dei
231 2455 421 2531 essentiam,
445 2469 519 2534 quo
537 2458 587 2516 cst
601 2453 672 2534 ipsa
693 2451 831 2516 essentia
848 2453 945 2520 honi·
990 2453 1160 2532 paratione,
1184 2451 1273 2516 uliud
1289 2471 1328 2514 ec
1344 2452 1564 2518 deliberatione
1580 2475 1721 2536 peccare.
1738 2459 1791 2524 Ex

148 2537 236 2598 tatis.
996 2548 1063 2611 quo
1077 2531 1170 2595 datur
1183 2531 1316 2613 intelligi
1329 2531 1414 2613 qudd
1427 2532 1515 2596 odire
1527 2535 1629 2597 Deum
1644 2537 1790 2609 omnium

189 2615 236 2676 Ad
247 2613 424 2678 secundum
433 2611 601 2674 dicendum
613 2609 698 2692 qubd
710 2611 793 2673 ratio
804 2609 858 2673 ilia
859 2627 944 2752 Jiro·
997 2611 1157 2676 honorum
1173 2611 1333 2687 datorem,
1357 2611 1399 2673 sit
1412 2629 1453 2674 ex
1467 2611 1697 2680 deliberatione
1716 2633 1790 2698 pec-

149 2694 232 2758 cedit
255 2689 414 2772 quautdm
436 2691 476 2754 ad
502 2691 565 2754 hoc
591 2689 675 2768 qubd
695 2689 857 2772 apprehen
880 2691 945 2753 itur
997 2707 1090 2767 care;
1131 2691 1194 2752 uod
1218 2694 1268 2753 est
1285 2695 1451 2786 peceatum
1471 2691 1505 2754 in
1527 2691 1680 2772 Spiritum
1706 2711 1791 2760 san-

148 2773 236 2837 Deus
250 2778 288 2834 ut
301 2787 401 2836 causa
411 2767 540 2834 iliorum
551 2767 722 2832 eiieotuum
736 2770 792 2848 qui
807 2772 946 2834 natura·
997 2773 1094 2832 ctum.
1108 2707 1199 2834 inde
1211 2769 1414 2833 maririestum
1429 2775 1477 2832 est
1495 2771 1581 2866 quiid
1602 2771 1710 2839 odium
1732 2770 1791 2838 bet

148 2853 224 2915 liter
235 2854 277 2916 ab
292 2849 441 2914 omnibus
465 2854 634 2924 amantum
659 2850 845 2928 intorques
869 2853 946 2912 sunt
997 2849 1137 2912 maxime
1158 2853 1207 2912 est
1226 2852 1393 2929 peccatum
1408 2849 1442 2912 in
1458 2847 1478 2911 S
1502 2849 1610 2914 tritum
1625 2859 1789 2930 sanctum,

149 2947 250 3074 {pera
266 2930 411 3072 uhesitatis
428 2930 597 3010 praebentis
622 2945 714 2992 suam
729 2929 944 3010 cognitionem
997 2869 1510 3072 {fhhndgmfluf’drpeoedmmuPu
1533 2927 1686 3072 Spiriltum
1711 2950 1792 3074 σαῖις

176 3029 379 3153 affinga]
402 3087 571 3152 dicendum
596 3085 681 3168 qudd
701 3087 787 3150 licus
806 3103 946 3150 conver·
998 3025 1266 3152 ideoteilnrlgrinnaorzr¹
1279 3025 1792 3170 ffiuggpursigpglersapgcpgpcaeg,

150 3170 307 3233 titomnia
319 3169 358 3234 ad
369 3169 521 3248 seipsum,
537 3167 570 3229 in
585 3171 742 3248 quantum
758 3169 806 3230 est
819 3167 944 3232 essendi
998 3165 1060 3229 cati
1077 3167 1109 3230 in
1130 3165 1284 3246 Spiritum
1310 3174 1476 3243 sanctum,
1496 3167 1573 3248 quia
1598 3109 1793 3252 generafitor

150 3249 363 3330 principium,
377 3248 464 3390 cqnia
479 3247 605 3320 omnia,
619 3245 654 3308 in
676 3251 834 3326 quantum
851 3255 943 3318 suut,
998 3246 1162 3312 iuvenitur
1175 3245 1308 3310 inomni
1320 3248 1425 3328 speeie
1439 3247 1562 3327 peceati
1583 3249 1618 3312 in
1637 3243 1796 3329 Spiritum'

150 3327 287 3392 tendunt
303 3327 376 3389 ini)

152 3425 236 3472 esse.
1039 3403 1275 3468 adsecundum
1298 3403 1467 3468 dicendum
1505 3404 1591 3469 uddi
1615 3423 1652 3470 sa
1674 3407 1795 3471 indide-

152 3491 380 3552 Anrreusnsu.
394 3482 556 3547 -ditrdm
571 3483 677 3547 odium
697 3483 756 3548 bei
776 3483 818 3546 rit
840 3485 947 3548 moei-
998 3483 1072 3548 litas
1086 3499 1153 3546 non
1165 3483 1262 3547 hahet
1273 3485 1432 3546 rationem
1443 3423 1555 3566 seips,
1566 3425 1628 3548 nist
1640 3485 1672 3548 iu
1689 3503 1794 3566 quau·

177 3573 551 3707 -mwgpwqummqg'
566 3563 664 3704 (itast,
687 3563 812 3706 qg'dae'
828 3572 890 3628 art.
907 3563 944 3642 2,
998 3566 1133 3657 tumeat
1156 3562 1356 3704 waldmari&
1380 3561 1501 3658 etided
1514 3561 1688 3706 danubre&
1736 3581 1795 3708 fg}

192 3639 947 3804 {hsghnduhffe‘prdefrnsffvideturque
999 3657 1686 3818 31⁰chqffiorusesianffigssoigoiiefffoe
1729 3661 1795 3786 god
1912 3763 1915 3772 -

154 3804 263 3870 odium
287 3807 343 3868 liei
371 3803 503 3898 nonsit
527 3803 705 3866 maximum
729 3806 944 3898 peccatorum.
999 3802 1117 3943 amelium
1131 3799 1203 3863 ocho
1218 3800 1314 3896 hahet
1327 3806 1493 3896 vamtatem
1505 3815 1577 3898 quaa
1587 3819 1646 3898 pro
1671 3741 1791 3897 unitur.

155 3885 388 3949 Gravissimum
402 3901 488 3946 eurrn
500 3887 666 3964 peecatum
677 3887 724 3944 est
737 3887 903 3964 peccatum
913 3901 946 3948 rn
999 3882 1046 3945 Un
1071 3886 1194 3962 epatet
1236 3881 1301 3944 uod
1315 3885 1398 3944 ratio
1411 3881 1532 3961 pecoah
1560 3899 1592 3946 ru
1608 3821 1794 3948 metridate

424 3325 680 3404 similitudinem,
695 3325 752 3406 qui
767 3330 817 3390 est
838 3327 945 3406 ipsum
999 3330 1157 3389 sanctum.

156 3963 310 4046 Spiritum
322 3967 480 4036 sanctum,
498 3961 584 4042 quod
601 3965 650 4024 est
664 3962 895 4040 irremissibile,
910 3969 948 4026 ut
1000 3962 1042 4024 sit
1067 3959 1201 4024 exodio
1255 3961 1305 4035 ei,
1328 3961 1414 4024 cirea
1438 3961 1529 4042 eujus
1553 3963 1720 4028 ueritatem
1745 3969 1795 4029 est

155 4043 270 4106 dicitur
282 4043 394 4106 hintth.
408 4041 456 4105 ib.
471 4042 529 4104 Sed
544 4039 652 4104 odium
664 4042 721 4104 Dei
737 4058 801 4101 non
816 4061 947 4124 compu·
999 4040 1097 4116 hdes3
1112 4045 1144 4103 et
1158 4039 1229 4104 ided
1245 4040 1328 4104 sicut
1342 4057 1441 4106 causa
1464 4047 1513 4106 est
1533 4043 1644 4122 potior
1657 4041 1793 4126 effectu,

155 4129 242 4187 tator
260 4125 344 4186 ieter
368 4123 489 4204 specics
503 4121 624 4202 peccati
640 4121 671 4180 in
690 4119 842 4200 Spiritum
865 4139 948 4184 san·
1000 4120 1045 4183 ita
1059 4121 1169 4183 odium
1179 4117 1237 4182 nei
1249 4119 1412 4202 estmajus
1428 4125 1595 4206 peccatum
1609 4119 1709 4204 quam
1723 4121 1796 4192 inii·

155 4209 257 4278 ctum,
277 4207 314 4264 ut
338 4219 380 4265 or
404 4217 502 4282 supra
523 4199 613 4264 dietis
636 4203 740 4280 patet,
757 4206 870 4282 quaest.
885 4195 945 4274 th,
999 4199 1123 4266 delitas.

155 4287 216 4346 art.
229 4282 260 4344 2
280 4283 366 4364 Ergo
380 4281 489 4343 odium
502 4281 561 4343 Dei
577 4295 644 4342 uon
659 4283 708 4344 est
719 4280 947 4362 gravissumum
1040 4279 1087 4342 Ad
1099 4279 1228 4342 tertium
1240 4277 1406 4344 dicendum
1420 4278 1582 4360 quddnon
1597 4281 1795 4364 quicumque

155 4367 371 4443 peecatorum.
1000 4359 1067 4421 odit
1081 4359 1293 4440 poenassodit
1310 4359 1413 4422 Deum
1424 4375 1594 4440 poenarum
1616 4366 1793 4424 auctorem.

192 4443 224 4503 2.
239 4444 407 4516 deuteres,
437 4444 603 4518 peceatum
631 4437 779 4500 consistit
798 4439 831 4500 in
855 4439 948 4502 elon·
999 4439 1081 4501 Nam
1092 4438 1455 4518 muidodiuutpoenas‚
1496 4441 1527 4500 ui
1541 4446 1649 4504 tamen
1664 4457 1719 4504 eas
1734 4459 1796 4522 pa*

156 4519 407 4602 gationedDeo.
422 4518 481 4580 Sed
496 4519 597 4598 magis
622 4517 833 4582 videturesse
854 4519 948 4582 clon—
1001 4519 1119 4580 tienter
1133 4517 1242 4581 ierunt
1263 4535 1304 4580 ex
1323 4457 1507 4582 reverentia
1526 4517 1793 4601 divincejustitiae.

156 4605 248 4680 gatus
265 4597 284 4662 d
299 4601 366 4660 Deo
382 4597 534 4669 indietis,
555 4597 610 4676 qui
632 4613 693 4658 nec
706 4595 763 4660 Dei
785 4597 948 4678 cognitio·
1000 4595 1088 4661 Unde
1103 4597 1151 4659 Au
1176 4597 1303 4660 ustinus
1319 4597 1404 4672 dicit,
1423 4597 1630 4672 idCuniess.,
1647 4615 1716 4678 cap.
1734 4597 1795 4676 28,

156 4697 228 4741 nun
244 4680 351 4752 habet,
365 4675 589 4757 quassaberis,
603 4675 784 4756 quisahem
800 4676 947 4755 quamvis
1000 4675 1086 4756 quod
1101 4617 1186 4738 maia
1198 4677 1336 4756 poeualia
1351 4674 1436 4738 Deus
1450 4675 1590 4740 tolerare
1607 4677 1711 4758 jubet,
1728 4695 1795 4742 nou

154 4756 257 4822 Deum
273 4757 346 4818 odio
361 4757 494 4830 habeat,
517 4756 623 4834 ipsum
646 4760 753 4817 tamen
771 4757 946 4836 cognoscit.
1000 4755 1192 4820 amare.Sed
1225 4773 1413 4836 rorumpere
1425 4755 1458 4820 iu
1471 4754 1579 4820 odium
1591 4757 1648 4820 Dei
1660 4759 1797 4838 punien-

155 4837 240 4931 Ergo
253 4837 380 4899 ridetur
391 4833 476 4916 qubd
489 4835 620 4916 grecias
636 4835 856 4926 sitpeccatum
873 4833 950 4898 inti-
1001 4835 1054 4910 tis,
1068 4835 1129 4896 hoe
1142 4839 1190 4898 est
1200 4775 1322 4898 flahere
1345 4834 1419 4898 odio
1434 4835 1538 4918 ipsam
1554 4837 1611 4899 Dei
1629 4836 1797 4918 ustitiam,

155 4914 404 4995 deirtatisqudus
442 4921 584 4980 umatum
604 4913 716 4976 odiiru
734 4913 847 4976 Deum.
1001 4913 1150 4994 quodest
1165 4910 1390 4996 gravissimum
1406 4920 1584 4996 peccatum.
1628 4917 1689 4981 ude
1709 4917 1796 4981 Gre-

194 4995 224 5060 3.
241 4997 411 5070 Proterea,
452 4995 660 5058 eushabetur
681 4991 755 5056 odio
771 4989 876 5056 solinu
896 5011 950 5058 ra·
1002 4995 1113 5074 gorius
1128 4994 1215 5071 dicit,
1241 4990 1423 5072 hhidoral„
1442 4993 1505 5058 loe.
1521 4995 1658 5060 eitadi
1677 5015 1685 5056 τ
1702 4997 1797 5060 Siout
1879 5055 1885 5070 ,

154 5076 242 5139 tioue
255 5087 390 5138 suorum
409 5074 579 5138 eiiectuum
605 5073 661 5152 qui
681 5077 866 5154 repugnant
888 5092 951 5136 vo-
1002 5073 1226 5156 noanunqudm
1246 5074 1376 5154 gravius
1415 5082 1458 5136 est
1474 5082 1640 5160 peccatum
1663 5075 1796 5158 diligere

155 5155 288 5231 luntati3
301 5155 386 5218 inter
397 5169 480 5234 quos
494 5153 675 5234 praecipuus
692 5155 742 5216 est
765 5169 871 5232 puna.
889 5152 951 5216 Sed
1002 5151 1094 5232 qudm
1103 5161 1302 5234 perpetrare:
1316 5153 1361 5216 ito
1372 5155 1504 5237 nequior
1526 5161 1570 5220 est
1588 5153 1798 5236 odisaejustt‘-
1825 5213 1830 5239 ,

155 5235 242 5299 odire
255 5251 385 5317 poenam
402 5249 466 5296 nou
479 5235 528 5296 est
541 5232 718 5327 maximum
732 5237 948 5312 peccatorum.
1003 5231 1079 5294 tiam
1092 5233 1184 5314 qudm
1199 5251 1264 5296 non
1277 5231 1395 5316 secisse.
1815 5241 1820 5256 ·

155 5315 239 5396 Ergo
254 5313 365 5377 odium
378 5312 437 5376 Dei
461 5330 528 5376 uon
551 5317 600 5376 est
625 5328 802 5378 maxumum
829 5330 950 5392 pecca-
1004 5351 1184 5416 fflmuws
1196 5369 1243 5414 n,
1255 5387 1293 5398 -
1303 5350 1417 5418 pm
1429 5371 1519 5418 mm
1532 5352 1638 5418 odim
1651 5354 1796 5433 praetr&
1863 5419 1865 5424 .

154 5399 377 5537 torSlielclihcontra
390 5474 439 5534 est
455 5469 541 5551 qudd
555 5471 672 5552 optimo
688 5469 863 5552 opponitur
1043 5431 1085 5496 ’ὕ
1114 5441 1315 5593 ὦπῷξυῖμ
1326 5431 1429 5515 (Μ’
1447 5441 1554 5516 Μ’
1568 5431 1620 5508 2⁵⁹
1635 5441 1698 5494 ‘m'
1714 5433 1750 5508 θ’
1768 5440 1795 5496 ⁸

898 5488 951 5531 er-

154 5554 278 5623 simum,
290 5555 425 5631 utpatet
434 5569 492 5630 per
501 5549 743 5632 Philosophum,
755 5487 948 5627 susachin,
1041 5529 1079 5594 θ’

154 5649 226 5714 cap.
243 5633 293 5708 10,
314 5633 404 5726 eirca
424 5631 527 5726 princ.
544 5627 605 5692 Sed
619 5625 727 5722 odium
742 5629 951 5724 iieiopponi-
1044 5631 1092 5695 Ad
1103 5628 1294 5726 tertiumsio
1312 5629 1505 5726 proceditur.
1518 5633 1547 5694 1.
1562 5629 1696 5694 Videtur
1756 5623 1800 5700 dt]

152 5712 380 5805 turdiiectronr
397 5710 521 5806 Deum
541 5709 607 5852 Ἑή
630 5712 777 5803 consistit
794 5714 951 5790 optimum
1005 5727 1072 5774 uon
1084 5727 1179 5774 omne
1196 5711 1304 5774 odrum
1319 5727 1459 5792 proxmu
1472 5713 1515 5774 srt
1526 5713 1717 5792 peccatum·
1746 5711 1796 5776 ul·

154 5790 307 5857 hominis.
323 5791 409 5870 Ergo
429 5789 538 5854 odium
578 5807 608 5854 er
620 5792 669 5854 est
682 5805 857 5870 pessimum
872 5808 952 5872 pec-

151 5879 264 5938 catum
280 5869 433 5936 hominis.
921 5939 923 5946 ,
1042 5873 1083 5946 (t)
1102 5877 1302 5942 atmodum.
1811 5915 1813 5927 Α
