3996 6342
234 323 269 382 ii'i

235 441 440 503 continentur
453 439 514 501 sub
527 437 664 501 articmo
674 436 806 500 unitatis
820 435 890 497 Dei.

276 520 324 582 Ad
349 518 526 581 secuudum
540 516 712 580 dicendum
730 513 816 594 qudd
839 514 945 593 ipsum
969 531 1026 576 no-

233 617 307 661 men
321 597 503 660 Divinitatis
518 597 671 676 importat
682 593 900 675 provisionem
910 610 1023 674 quam-

233 678 324 752 dam,
342 678 429 739 utin
449 678 465 739 1
486 675 605 739 dictum
624 681 689 750 est,
711 677 824 753 quest.
843 672 893 748 13,
912 677 973 736 ιιι.
992 672 1023 735 8.

233 757 379 820 Potentia
405 760 512 820 autem
547 757 581 816 iii
603 755 795 818 habentibus
826 753 1024 815 intellectum

233 853 300 898 nou
320 841 474 930 operatur
495 834 557 906 nisi
580 831 757 897 secundnm
774 832 973 895 voluntatem
992 833 1026 894 et

232 909 1025 1056 rescisceres

254 1015 263 1054 ι
319 1012 363 1056 uo
406 1012 470 1053 mm
602 1012 622 1054 n

232 1012 417 1136 virgiliani.
428 1073 498 1134 Nou
514 1071 600 1134 cuim
610 1069 920 1151 possctomniaquae
930 1009 1026 1136 ignei

232 1153 266 1215 iii
280 1153 351 1215 istis
364 1151 570 1214 inferioribus
585 1167 700 1231 agere,
716 1147 779 1210 nisi
795 1165 834 1212 ea
845 1165 1025 1230 coguosce-

231 1237 292 1306 ret,
308 1237 465 1295 eteorum
502 1229 713 1293 rovidentiam
729 1227 873 1291 liaberet.

271 1312 317 1373 ild
328 1307 456 1373 tertium
490 1309 638 1372 icendum
653 1307 738 1387 qudo
750 1309 871 1383 Patris,
887 1311 919 1370 et
930 1308 1022 1382 Filii,

231 1395 262 1452 et
271 1389 408 1470 Spiritds
417 1389 519 1452 sancti
531 1390 580 1450 est
588 1403 656 1452 una
665 1387 805 1468 cognitio
814 1385 973 1467 quantdm
983 1387 1023 1450 ad

231 1471 388 1532 unitatem
401 1468 564 1542 essentie,
583 1484 658 1546 qurc
672 1468 810 1546 pertinet
823 1467 863 1530 ad
883 1467 1022 1546 primum

230 1549 417 1622 articulum3
447 1543 605 1628 quantdm
625 1546 702 1610 verb
724 1547 764 1610 ad
786 1545 1022 1610 distinctionem

230 1645 453 1707 personarum,
465 1643 538 1720 quac
549 1631 598 1688 est
609 1645 667 1704 per
678 1626 854 1689 relationes
870 1625 1017 1706 originis,

229 1705 466 1786 quodammodo
478 1723 513 1768 in
530 1705 712 1785 cognitione
728 1706 830 1769 Patris
846 1705 1022 1768 includitur

228 1787 369 1866 cognitio
381 1785 470 1858 Filii3
483 1785 645 1847 nonenim
656 1788 741 1847 esset
748 1785 853 1858 Pater,
864 1785 891 1846 si
904 1785 1022 1846 Filium

229 1883 294 1927 nou
306 1866 456 1939 baberet,
469 1881 610 1942 quoium
624 1869 787 1926 nexusest
798 1863 933 1942 Spiritus
946 1880 1022 1928 saii-

228 1948 310 2006 ctus.
326 1945 366 2006 Et
382 1941 540 2023 quantdm
557 1942 596 2006 ad
610 1943 671 2004 boc
682 1941 764 2006 bend
777 1944 855 2004 moti
875 1948 951 2004 sunt
965 1942 1021 2022 qui

229 2027 408 2100 posuerunt
426 2041 529 2085 unum
552 2021 726 2086 articulum
743 2023 844 2085 trium
863 2039 1022 2103 persona-

228 2120 312 2164 rum.
333 2102 393 2166 Sed
412 2103 490 2182 quia
510 2102 596 2165 circa
613 2101 758 2182 singulas
774 2117 930 2181 personas
946 2105 1022 2164 sunt

199 2190 202 2200 ’
226 2181 337 2260 aliqua
354 2181 561 2258 attendenda,
582 2182 667 2244 circa
681 2199 753 2260 quac
775 2181 931 2261 contingit
949 2199 1020 2244 csse

226 2277 389 2336 errorem,
406 2258 564 2340 quantiam
577 2260 617 2324 ad
629 2261 691 2322 boc
704 2259 743 2322 de
756 2260 858 2322 tribus
871 2261 1019 2339 personis

225 2339 1021 2479 possuntpouitresarticuli.driusenimcredidit

249 2422 351 2481 utrem
375 2421 628 2500 omnipotentem,
644 2422 677 2481 et
696 2426 864 2486 eternam,-
878 2419 933 2480 sed
953 2437 1019 2480 nou

225 2499 359 2560 credidit
374 2499 493 2561 Filium
511 2499 694 2580 coequalem
710 2506 739 2560 et
761 2496 1020 2560 comederentu-

225 2576 283 2638 lem
294 2578 405 2647 Patri:
421 2582 452 2640 et
470 2577 541 2641 ideo
554 2577 772 2641 necessarium
784 2576 843 2639 luit
856 2593 874 2638 a
898 2595 1019 2656 ponere

224 2657 398 2738 articulum
414 2657 453 2719 de
474 2655 615 2737 persona
631 2656 721 2731 Filii,
740 2656 779 2719 ad
796 2657 856 2718 hoc
872 2596 1020 2720 determi-

224 2736 379 2800 nandum.
397 2737 437 2798 Et
456 2735 568 2799 eadem
588 2736 714 2799 ratioim
735 2739 848 2799 contra
864 2735 1020 2798 Macedo-

223 2815 314 2876 nium
338 2833 470 2878 necesse
485 2815 545 2878 luit
562 2833 683 2894 ponere
697 2815 871 2878 articulum
889 2817 1018 2876 tertium

222 2893 262 2957 de
279 2893 419 2972 persona
429 2893 565 2975 Spiritds
578 2895 691 2957 sancti.
707 2894 747 2955 Et
757 2894 904 2956 similiter
920 2895 1017 2957 etiam

223 2975 390 3052 conceptio
403 2973 540 3048 Christi,
557 2977 588 3035 et
602 2973 772 3047 nativitas,
796 2977 828 3034 et
847 2975 944 3036 etiam
958 2993 1018 3035 re-

223 3052 399 3128 surrectio,
426 3055 458 3114 ct
481 3053 547 3114 vita
571 3055 692 3116 eterna
716 3049 893 3114 secuudum
916 3070 1016 3115 uuam

222 3131 382 3194 rationem
391 3136 530 3211 possunt
543 3131 770 3213 comprehendi
787 3133 848 3193 sub
863 3148 929 3192 uno
940 3131 1017 3194 arti-

222 3210 312 3284 culo,
331 3211 367 3271 in
388 3215 546 3290 quantum
570 3210 610 3274 ad
630 3229 732 3273 unuin
754 3209 961 3285 ordinantur;
985 3215 1017 3274 et

222 3288 400 3354 secunddm
414 3291 513 3353 aliam
525 3291 685 3353 rationem
699 3292 836 3367 possunt
848 3288 1014 3382 distingui,

222 3366 431 3512 icilissqgitzntum
444 3365 591 3431 seorsim
610 3369 732 3430 babent
753 3367 909 3448 speciales
930 3368 1017 3430 dilli-

342 3467 367 3512 ι.

260 3526 310 3588 Ad
322 3531 473 3606 quartum
486 3526 655 3590 dicendum
669 3525 755 3607 qudd
771 3526 855 3588 Filio
867 3531 899 3590 et
911 3526 1015 3606 Spiri-

221 3605 268 3667 tui
287 3614 398 3670 sancto
423 3607 573 3671 convenit
592 3605 674 3668 mitti
691 3606 732 3669 ad
749 3604 1014 3669 sanctificandum

220 3688 422 3758 creaturam
437 3687 523 3750 circa
537 3685 625 3765 quod
637 3685 778 3763 plurima
791 3684 950 3748 credenda
960 3702 1015 3748 oc-

221 3767 373 3838 currunt;
389 3766 421 3826 et
432 3763 504 3825 ided
518 3764 605 3826 circa
617 3780 790 3842 personam
802 3763 877 3824 Filii
896 3768 927 3826 et
940 3763 1015 3842 Spi-

220 3839 302 3904 ritds
326 3843 429 3906 sancti
453 3842 563 3923 plures
584 3842 712 3905 articuli
736 3841 1011 3920 multiplicantur,

221 3917 321 3999 quim
336 3922 421 3984 circa
435 3938 607 4000 personam
618 3921 738 3996 Patris,
752 3938 825 3999 que
843 3938 911 3982 nuii
935 3919 1013 3984 nilni

220 3999 366 4075 mittitur,
385 4001 469 4062 utin
484 4002 501 4062 1
514 4001 633 4063 dictum
646 4003 705 4074 est,
719 4017 775 4078 qu.
791 3998 841 4074 1ι3,
856 4004 918 4062 ιιι.
953 4045 960 4062 .

174 4101 178 4109 ’
259 4079 307 4140 Ad
330 4081 479 4160 quintum
504 4079 674 4143 dicendum
692 4078 779 4159 qudd
801 4079 1011 4143 sanctificatio

219 4161 376 4223 creature
396 4177 454 4239 per
476 4159 624 4240 gratiam,
647 4163 679 4220 et
701 4159 935 4220 consummatio
956 4177 1013 4238 pei·

218 4239 356 4320 gloriam
370 4239 405 4300 iit
418 4239 514 4301 etiam
526 4257 584 4318 per
597 4237 718 4300 donum
732 4237 910 4310 charitatis,
924 4239 1011 4317 quod

219 4317 450 4399 appropriatur
468 4317 599 4398 Spiritui
617 4320 746 4393 sancto,
766 4322 798 4378 et
816 4334 874 4410 per
890 4317 1011 4380 donum

219 4397 404 4476 sapientiae,
425 4398 512 4477 quod
528 4396 757 4490 appropriatur
771 4395 872 4467 Filio;
892 4399 924 4459 et
940 4397 1011 4461 ideb
1041 4451 1045 4457 .

218 4480 393 4557 utrumque
409 4494 491 4556 opus
504 4478 643 4557 pertinet
655 4475 695 4540 ad
709 4475 827 4536 Filium
839 4477 871 4536 et
887 4475 927 4539 ad
941 4475 1011 4556 Spi-

218 4555 316 4618 ritum
334 4560 480 4619 sanctum
495 4573 554 4636 per
570 4554 865 4635 appropriationem
887 4573 1011 4619 secun-

218 4633 293 4696 ddm
306 4636 446 4698 rationes
462 4636 617 4698 diversas.

257 4714 305 4775 Ad
320 4720 448 4778 sextum
464 4714 634 4777 dicendum
648 4711 734 4792 qudd
752 4714 787 4776 iii
809 4720 1010 4779 sacramento

220 4794 427 4858 Eucharistie
439 4795 503 4857 duo
517 4797 656 4873 possunt
670 4793 867 4856 considerari
884 4815 891 4854 :
908 4812 1010 4856 uuum

218 4873 339 4940 scilicet
357 4874 444 4952 qudd
462 4880 690 4937 armamentum
703 4876 767 4947 est3
786 4878 818 4936 et
835 4875 894 4936 lioc
913 4875 1011 4938 babet

217 4952 361 5015 eamdem
375 4953 535 5018 rationem
547 4971 621 5017 cuin
636 4951 707 5016 aliis
721 4951 886 5016 effectibus
899 4955 1011 5034 gratita

218 5030 465 5106 sanctificantis3
487 5033 573 5096 aliud
592 5037 641 5095 est
654 5031 740 5111 qudd
757 5033 949 5096 miraculose
964 5035 1008 5098 ibi

217 5109 688 5269 tirttlliitltttctta
701 5111 1010 5256 stillaticia

216 5271 302 5346 cula,
317 5287 389 5349 qua
403 5237 641 5350 omnipotentie
656 5272 887 5335 attribuuntur.

217 5391 398 5454 taricuncs
412 5409 458 5453 rx.
473 5427 511 5436 -
521 5391 633 5456 oraim
648 5393 865 5456 concedenter
879 5393 1010 5457 articuli

256 5471 329 5552 fidei
345 5473 381 5534 iri
394 5463 529 5553 symbolo
548 5479 723 5554 portantur.
740 5509 778 5518 -
793 5471 843 5554 (3,
860 5472 933 5534 dist.
949 5471 1006 5546 25,

256 5568 309 5631 qo.
325 5551 356 5626 2,
374 5559 436 5613 art.
452 5551 483 5628 2,
503 5559 531 5613 ιι
548 5570 656 5633 opusc.
670 5551 690 5613 b
702 5561 731 5614 ιι
747 5552 792 5634 6.)

256 5649 303 5710 Ad
317 5667 439 5713 nonum
456 5652 502 5714 sic
515 5652 709 5733 proceditur.
730 5654 759 5715 1.
778 5653 911 5715 Videtur
921 5652 1008 5732 qudd

216 5727 483 5794 inconvenienter
499 5732 626 5794 articuli
644 5730 717 5793 lidei
737 5733 769 5793 iii
786 5732 932 5814 symbolo
942 5750 1009 5872 Xo-

217 5812 347 5873 riantur.
359 5811 456 5874 Sacra
466 5811 551 5871 enini
562 5811 728 5890 Scriptura
740 5816 789 5874 est
797 5811 941 5891 regulati
963 5813 1006 5890 ei,

625 321 755 381 SUlltlAE
775 317 1004 378 THEOLOGiGAE
1021 318 1180 380 SECUNDA
1198 322 1366 380 SECUNDAE
1411 315 1413 320 ’

1836 335 1872 394 id

1080 437 1132 498 cui
1149 455 1208 498 nec
1221 436 1348 512 addere,
1366 455 1427 501 nec
1440 439 1631 504 subtrahere
1644 441 1736 520 licet3
1752 441 1871 508 dicitur

1079 515 1165 578 enim
1187 517 1280 582 Deut.
1304 515 1342 580 t.
1367 516 1387 576 2
1410 537 1418 578 ι
1442 517 1519 582 Nori
1540 519 1661 584 addetis
1682 520 1723 583 ud
1743 523 1870 588 ιιιιιιιιιι

1077 594 1163 734 §uod
1184 595 1272 658 cobis
1298 596 1328 658 lo
1392 614 1430 666 r,
1460 615 1557 680 risque
1586 601 1733 740 ιιιζιιιιιι
1757 600 1795 664 ab
1822 623 1867 667 eo.

1106 690 1164 754 rgo
1177 675 1323 738 illicitum
1348 676 1395 738 uit
1406 677 1538 756 aliquod
1552 697 1621 759 sym
1645 680 1734 741 olum
1746 684 1868 744 consti-

1077 756 1180 828 tuere,
1196 756 1290 834 quasi
1306 756 1450 836 regulam
1461 756 1545 834 tidei,
1560 763 1633 837 post
1647 775 1772 822 sacram
1785 762 1868 827 Scri·

1077 836 1206 910 pturam
1225 835 1352 898 editam.

1117 911 1146 972 2.
1180 915 1358 986 Praeterea,
1391 915 1475 976 sicut
1509 914 1681 995 Apostolus
1719 918 1794 980 dicit
1826 921 1866 984 ad

1077 991 1196 1072 Ephes.
1218 992 1250 1067 t,
1271 992 1301 1068 b,
1312 1012 1378 1056 urio
1394 1002 1437 1054 ιιι
1451 994 1537 1088 fides.
1552 994 1612 1057 Sed
1623 999 1804 1077 symbolum
1818 1005 1866 1064 est

1076 1069 1441 1215 ιριιιξιιιίιιιιιθοιιὶειιιί,ὴιέιιξιιιι1
1449 1075 1713 1139 inconvenienter
1728 1077 1867 1142 traditur

1158 1171 1168 1212 ι
1444 1197 1451 1212 .

1116 1229 1146 1292 3.
1161 1171 1336 1306 Ιξιιιιιιζῒ,
1355 1230 1513 1294 confessio
1527 1232 1616 1308 lidei,
1631 1251 1705 1313 qua
1719 1233 1754 1298 in
1773 1254 1866 1318 sym-

1077 1309 1150 1372 bolo
1168 1312 1369 1387 continetur,
1389 1312 1529 1391 pertinet
1550 1311 1591 1374 ad
1611 1329 1723 1376 omnes
1743 1314 1864 1378 tideles.

1076 1387 1135 1450 Sed
1153 1407 1217 1452 nori
1233 1392 1382 1453 omnibus
1401 1389 1547 1453 fidelibus
1567 1394 1716 1456 convenit
1736 1394 1866 1457 credere

1075 1466 1110 1528 in
1128 1469 1243 1544 Deum,
1267 1469 1323 1532 sed
1344 1465 1449 1532 aoldm
1468 1469 1530 1531 illis
1555 1471 1612 1550 qui
1633 1472 1753 1534 babent
1773 1473 1866 1536 iidem

1075 1546 1255 1612 formatam.
1281 1549 1367 1630 Ergo
1397 1549 1662 1612 inconvenienter
1685 1552 1865 1632 symbolum

1074 1624 1147 1688 lidei
1157 1628 1294 1691 traditur
1305 1625 1438 1692 subhac
1448 1627 1864 1694 formaverborumrcredc

1073 1704 1110 1766 io
1122 1725 1219 1770 urium
1232 1708 1340 1770 cmm.

1113 1783 1143 1862 li.
1159 1788 1327 1862 Prarterea,
1343 1788 1517 1851 descensus
1531 1788 1571 1852 ad
1585 1788 1705 1852 interos
1717 1793 1767 1852 est
1777 1807 1864 1852 unus

1073 1863 1112 1926 de
1125 1867 1270 1929 articulis
1281 1867 1365 1942 lidel,
1382 1868 1576 1946 sicutsupra
1591 1868 1782 1942 dictumest,
1799 1873 1862 1931 art.

1073 1961 1168 2021 praec.
1198 1945 1258 2008 Sed
1286 1947 1321 2009 iu
1347 1947 1494 2028 symbolo
1515 1949 1646 2009 Patrum
1670 1943 1714 2030 (1)
1737 1964 1803 2010 non
1829 1947 1865 2009 tit

1073 2023 1193 2085 mentio
1205 2025 1243 2087 dc
1258 2025 1414 2088 descensu
1429 2025 1468 2087 ad
1485 2024 1617 2088 interos.
1635 2027 1722 2107 Ergo
1737 2025 1865 2090 videtur

1074 2101 1304 2166 insufficienter
1318 2105 1498 2168 collectum.

1102 2179 1863 2265 5.Praeterea,sicutitugustinusdicitexponens

1072 2260 1151 2322 illud
1162 2262 1257 2323 ioan.
1270 2261 1325 2338 1t,
1344 2265 1361 2325 1
1376 2283 1383 2323 ι
1397 2261 1535 2327 Creditis
1551 2264 1588 2326 iri
1599 2264 1714 2334 Deum,
1728 2273 1758 2326 ιι
1772 2265 1807 2327 ia
1817 2283 1864 2326 mc

1073 2339 1200 2411 credite,
1216 2347 1308 2406 tract.
1324 2342 1363 2406 aa
1377 2344 1410 2404 iii
1421 2343 1528 2416 toan„
1545 2341 1659 2406 dmed.
1677 2362 1686 2403 ι
1701 2343 1797 2405 Ριιιο
1807 2351 1865 2406 cot

1072 2418 1174 2481 Paulo
1190 2421 1361 2492 credimos‚·
1375 2421 1427 2484 scd
1439 2441 1504 2483 ιιοιι
1518 2421 1654 2485 dicimur
1666 2421 1789 2484 credere
1798 2423 1864 2486 cisi

1071 2499 1107 2560 ia
1130 2499 1239 2561 Deum.
1263 2500 1343 2564 Cdm
1368 2519 1445 2581 ergo
1474 2501 1617 2564 Ecclesia
1640 2501 1799 2566 catholica
1821 2501 1864 2565 sit

1070 2577 1151 2656 pure
1168 2579 1300 2660 aliquod
1315 2584 1475 2653 creatum,
1492 2579 1619 2643 videtur
1637 2579 1725 2659 qudd
1742 2581 1864 2643 incori-

1070 2657 1237 2720 venienter
1253 2659 1396 2722 dicatur:
1411 2660 1453 2720 la
1464 2677 1570 2728 ccum,
1584 2667 1734 2728 cunctam,
1748 2659 1864 2722 cottio-

1071 2734 1163 2797 licam
1178 2744 1207 2796 ct
1219 2738 1423 2818 apostolicum
1436 2738 1466 2799 E
1471 2737 1623 2800 colesium.

1109 2813 1139 2874 b.
1155 2815 1325 2891 Praeterea,
1345 2835 1360 2879 ι
1384 2817 1528 2879 mbolum
1546 2818 1587 2880 ad
1603 2817 1665 2879 hoc
1678 2816 1813 2880 traditur
1826 2821 1863 2880 ut

1069 2893 1111 2956 sit
1125 2896 1239 2975 regula
1253 2896 1337 2958 tidei.
1353 2836 1414 2958 gad
1427 2897 1540 2976 regula
1555 2895 1629 2957 lidei
1645 2897 1738 2958 debet
1752 2897 1861 2958 omni-

1070 2974 1129 3036 bus
1142 2976 1292 3114 proponi,
1307 2980 1339 3038 et
1348 2974 1485 3054 publice.
1500 2975 1672 3050 Quodlibet
1684 2992 1761 3055 ergo
1776 2994 1862 3056 sym·

1069 3053 1180 3114 bolum
1215 3056 1325 3116 eberat
1339 3055 1373 3115 iii
1383 3055 1483 3117 missa
1493 3055 1629 3128 cantari,
1639 3055 1721 3117 sicut
1732 3057 1862 3135 symbo-

1068 3130 1136 3192 lum
1159 3132 1300 3194 Patrum.
1321 3133 1392 3194 Non
1414 3133 1541 3196 videtur
1561 3150 1638 3227 ergo
1656 3151 1726 3196 esse
1739 3151 1863 3196 conve-

1068 3211 1160 3272 niens
1177 3211 1274 3275 editio
1290 3213 1501 3275 articulorum
1513 3212 1586 3274 fidei
1601 3231 1635 3274 in
1651 3213 1809 3292 symbolo.

1107 3289 1166 3352 Sed
1188 3295 1301 3355 contra
1325 3297 1374 3354 est
1396 3291 1482 3371 qudd
1501 3291 1646 3354 Ecclesia
1664 3291 1861 3356 universalis

1068 3385 1134 3432 non
1150 3374 1255 3448 potest
1269 3388 1389 3444 errare,
1405 3372 1483 3464 quia
1497 3369 1517 3434 a
1529 3371 1648 3450 Spiritu
1665 3374 1777 3434 sancto
1792 3389 1861 3452 gu-

1067 3448 1233 3524 bernatur,
1248 3449 1305 3530 qui
1317 3455 1365 3512 est
1378 3450 1513 3529 Spiritus
1525 3449 1685 3523 veritatis3
1697 3449 1759 3512 boc
1771 3449 1861 3512 enlm

1066 3527 1214 3664 promisit
1233 3528 1389 3591 Dominus
1414 3529 1597 3609 discipulis,
1612 3530 1706 3592 ioan.
1726 3529 1859 3606 1o,1a,

1086 3606 1173 3670 icens
1193 3629 1202 3666 ι
1220 3606 1299 3670 Cdm
1313 3606 1439 3670 'venerit
1456 3608 1510 3670 illc
1530 3609 1673 3690 Spiritus
1695 3608 1859 3679 veritatis,

1066 3682 1188 3747 docebit
1206 3705 1395 3749 veronicam
1415 3688 1588 3750 veritatem.
1605 3687 1664 3750 Sed
1678 3686 1861 3768 symbolum

1066 3766 1116 3825 est
1136 3766 1327 3828 auctoritate
1347 3765 1539 3830 universalis
1556 3766 1707 3830 Ecclesia
1726 3765 1857 3828 editum.

1065 3841 1151 3904 Nihil
1165 3861 1243 3924 ergo
1257 3845 1488 3908 inconveniens
1501 3846 1535 3908 iu
1551 3864 1590 3908 eo
1603 3846 1795 3909 continetur.

1088 3923 1294 4015 ¹ltespondeo
1304 3924 1473 3986 dicendum
1481 3925 1675 4066 guddmicut
1684 3925 1858 4003 Apostolus

1065 4000 1189 4064 dicitad
1199 4003 1298 4066 ldebr.
1308 4004 1358 4078 11,
1369 4003 1400 4079 6,
1410 4023 1480 4066 occe
1504 4004 1861 4086 enrenadbecmopor·

1066 4087 1109 4142 ιιι
1119 4082 1253 4144 credere.
1267 4083 1404 4146 Credere
1415 4088 1524 4147 autem
1533 4101 1600 4146 non
1610 4087 1715 4163 potest
1723 4083 1857 4164 aliquis,

1064 4160 1127 4254 ruisi
1147 4163 1177 4225 ei
1200 4163 1316 4227 veritas
1333 4179 1431 4243 quam
1445 4163 1569 4238 credat,
1589 4167 1802 4258 proponatur.
1817 4164 1860 4226 Et

1063 4238 1134 4301 ided
1145 4243 1364 4306 necessarium
1378 4241 1438 4304 luit
1448 4241 1522 4305 tidei
1529 4247 1697 4306 vamtatem
1709 4243 1743 4303 iii
1754 4259 1859 4304 unum

1064 4319 1186 4400 colligi,
1207 4326 1243 4384 ut
1259 4319 1384 4383 laciliiis
1399 4326 1509 4401 posset
1530 4322 1679 4384 omuibus
1697 4323 1856 4402 proponi,

1063 4399 1245 4540 gefialiquis
1267 4418 1325 4480 per
1349 4400 1567 4481 ignorantiam
1589 4400 1662 4464 lidei
1683 4399 1858 4466 avertistis

1083 4484 1221 4542 ecerat.
1350 4483 1353 4490 ’

1101 4557 1142 4620 Ει
1155 4561 1197 4622 ab
1214 4559 1399 4642 hujusmodi
1412 4561 1645 4627 sententiarum
1664 4561 1736 4624 fldei
1751 4560 1859 4624 colle-

1063 4637 1169 4700 ctione
1179 4656 1298 4702 uomen
1309 4639 1442 4722 symboli
1454 4643 1504 4704 cst
1515 4645 1692 4721 acceptum.

1103 4717 1151 4779 Ad
1172 4718 1313 4796 primum
1332 4739 1409 4801 ergo
1433 4720 1603 4784 dicendum
1627 4719 1714 4800 qudd
1733 4720 1856 4785 veritas

1063 4797 1134 4860 lidei
1150 4797 1184 4859 in
1198 4799 1292 4863 sacra
1305 4799 1471 4894 Scriptura
1486 4798 1600 4862 dillusd
1615 4800 1810 4876 continetur,
1823 4804 1859 4862 et

1062 4879 1161 4942 variis
1183 4878 1299 4952 modis,
1322 4887 1404 4941 etin
1470 4878 1619 4942 ibusdam
1640 4878 1793 4953 obscure3
1810 4879 1858 4942 ita

1062 4957 1150 5096 guod
1164 4957 1203 5021 ad
1221 4958 1412 5022 eliciendum
1448 4958 1498 5020 dei
1514 4959 1681 5022 veritatem
1701 4976 1743 5020 cx
1762 4959 1859 5022 sacra

1083 5037 1226 5118 criptura
1235 5037 1412 5118 requiritur
1420 5039 1554 5117 longum
1568 5037 1707 5101 studium
1718 5046 1751 5101 et
1761 5053 1858 5101 exer-

1063 5116 1184 5191 citium,
1201 5117 1240 5178 ad
1255 5118 1343 5197 quod
1356 5135 1421 5179 non
1437 5123 1574 5197 possunt
1589 5118 1759 5196 pervenire
1778 5134 1859 5179 oin-

1062 5213 1119 5257 nes
1142 5196 1187 5258 illi
1212 5199 1330 5275 quibus
1353 5197 1571 5261 necessarium
1590 5199 1639 5259 est
1660 5213 1859 5292 cognoscere

1062 5274 1134 5336 lidei
1150 5277 1315 5340 veritatem
1332 5298 1340 5336 r
1377 5295 1494 5339 uorum
1510 5277 1656 5356 plerique
1670 5277 1742 5340 aliis
1756 5293 1859 5356 nego-

1063 5355 1114 5417 tiis
1137 5357 1284 5438 occupati
1302 5295 1407 5420 studio
1420 5373 1538 5421 vacare
1560 5372 1626 5417 non
1646 5358 1793 5436 possunt.
1813 5355 1861 5418 Et

1061 5433 1133 5496 ideo
1151 5435 1211 5497 luit
1230 5438 1448 5500 necessarium
1459 5440 1497 5498 ut
1510 5453 1552 5499 ex
1570 5437 1735 5498 sententiis
1754 5451 1860 5498 sacrae

1062 5513 1233 5594 Scriptura
1248 5516 1370 5596 aliquid
1381 5515 1585 5579 maniiestum
1600 5513 1775 5579 summarie
1788 5514 1861 5577 col-

1062 5594 1232 5674 ligeretur,
1263 5595 1350 5676 quod
1378 5603 1614 5676 proponeretur
1637 5595 1786 5659 omnibus
1813 5595 1860 5658 ad

1062 5674 1255 5736 credendum
1270 5696 1278 5750 ;
1294 5675 1381 5756 quod
1404 5674 1533 5755 quidem
1555 5691 1620 5737 non
1643 5680 1690 5736 est
1712 5672 1858 5742 additum

1098 5815 1139 5893 (l)
1158 5817 1194 5876 lta
1207 5821 1285 5878 codd.
1297 5819 1484 5891 Edit-quidam
1493 5859 1502 5888 ,
1511 5820 1672 5892 cumomni
1685 5818 1802 5878 Ριιιιιιιιέ
