4080 6346
180 471 327 558 quandiu
355 469 579 552 persistendo,
604 487 671 533 non
702 475 811 535 tamen
837 469 976 551 complet

181 561 302 628 actum,
319 553 397 633 quia
415 559 486 615 'non
525 550 650 614 'ersistit
672 567 776 630 usque
801 549 840 612 ad
865 549 972 612 finem.

179 635 238 698 Est
249 638 357 698 autem
370 631 491 711 duplex
502 569 576 693 duis
593 649 600 686 e
616 648 702 692 uuus
715 630 845 708 quidem
855 630 911 708 qui
926 635 975 692 est

145 740 152 784 ε
179 714 254 782 flnis
272 712 401 791 operis3
418 711 500 774 alius
514 715 622 773 autem
639 709 696 788 qui
709 712 758 771 est
770 709 843 770 linis
856 709 975 772 buma-

180 812 233 860 nte
255 794 337 856 vitm.
354 793 415 854 Per
441 808 475 853 se
500 795 608 853 autem
631 789 672 851 ad
700 789 974 868 perseverantiam

178 875 320 955 pertinet
330 876 368 933 ut
380 871 497 952 aliquis
512 873 696 950 perseveret
722 887 826 948 usque
848 869 889 931 ad
910 871 975 930 ter·

178 955 304 1017 minum
335 952 471 1013 virtuosi
501 949 629 1023 oeris3
658 949 741 1011 sicut
766 947 853 1027 qudd
881 949 972 1012 miles

178 1035 364 1115 perseueret
375 1048 481 1111 usque
493 969 542 1092 ad
546 1029 643 1091 linem
653 1029 849 1102 certaminis,
863 1031 895 1090 et
907 1045 974 1093 rna·

7 1143 9 1150 >
75 1169 79 1176 .
178 1114 316 1258 perideus
332 1129 438 1190 usque
459 1109 499 1172 ad
519 1109 829 1172 consummationem
852 1108 970 1188 operis.

202 1198 262 1256 unt
274 1195 382 1256 autem
398 1189 545 1268 quedam
568 1189 703 1252 virtutes
720 1204 861 1268 quarum
879 1191 970 1251 actus

177 1292 238 1355 per
250 1276 350 1335 totam
365 1270 464 1333 vitam
478 1269 595 1331 debent
615 1268 734 1331 durare
753 1288 761 1328 ε
778 1269 860 1330 sicut
880 1267 971 1344 iidei,

177 1373 194 1416 s
218 1353 248 1415 ei
271 1355 302 1413 et
317 1349 495 1422 charitatis,
519 1349 598 1428 quia
623 1347 800 1426 respiciunt
823 1346 972 1410 ultimum

176 1371 274 1496 ildem
289 1430 386 1493 totius
403 1429 477 1492 vitm
493 1429 653 1492 bumana.
675 1427 715 1489 lit
729 1425 800 1490 ideb
824 1431 974 1507 respectu

175 1512 296 1576 barum
312 1509 480 1582 virtutum,
496 1525 569 1587 quae
586 1512 662 1572 sunt
681 1506 887 1586 principales,
906 1521 972 1568 non

176 1593 421 1654 consummatur
436 1592 526 1650 actus
543 1587 794 1669 perseverantie
808 1603 913 1666 usque
932 1586 972 1650 ad

175 1670 274 1734 linem
301 1667 385 1732 vitm.
413 1668 454 1730 Et
476 1664 655 1730 secundum
678 1667 740 1728 boc
768 1666 971 1746 Augustinus

175 1750 292 1831 accipit
304 1747 579 1828 perseverantiam
595 1763 655 1826 pro
672 1752 747 1808 actu
758 1761 970 1826 perseveran-

175 1830 230 1894 tim
245 1833 479 1892 consummato.

173 1915 182 1968 t
216 1909 263 1971 Ad
274 1909 403 1972 tertium
413 1906 580 1970 dicendum
591 1905 676 1986 qudd
686 1905 972 1985 immobiliterper·

175 1989 290 2053 sistere
313 1987 421 2050 virtuti
443 1989 548 2066 potest
573 1985 746 2048 convenire
767 1983 936 2078 dupliciter
961 2005 969 2046 ι

173 2085 243 2131 uno
257 2067 353 2132 modo
368 2086 410 2130 ex
424 2065 555 2146 propria
571 2065 748 2128 intentione
770 2064 859 2138 tin1s3
877 2069 908 2125 et
924 2063 971 2128 sic

174 2145 231 2211 diii
242 2149 414 2228 persistere
428 2163 532 2225 usque
547 2144 588 2206 ad
600 2143 696 2205 tinem
709 2143 743 2204 in
758 2145 855 2217 bono,
869 2144 972 2221 perti-

174 2230 233 2291 net
246 2227 286 2292 ad
299 2227 470 2306 specialem
487 2225 653 2298 virtutem,
668 2241 741 2302 qum
759 2223 875 2284 dicitur
890 2239 971 2302 per-

174 2309 368 2380 severantia,
387 2323 460 2385 que
474 2306 535 2367 boo
548 2303 683 2366 intendit
698 2303 780 2364 sicut
797 2303 971 2381 specialem

172 2386 283 2449 tluem.
309 2387 382 2448 Alio
402 2385 497 2447 modo
519 2402 561 2446 ex
577 2383 819 2461 comparatione
839 2380 969 2446 babitds

173 2466 215 2530 ad
236 2466 431 2546 subjectum3
452 2469 484 2527 et
504 2464 551 2526 sic
571 2461 777 2524 immobiliter
796 2462 970 2540 persistere

173 2547 386 2624 consequitur
396 2543 573 2638 quamlibet
589 2542 750 2620 virtutem,
764 2541 970 2621 inquantum

173 2626 366 2708 estquutitoe
380 2621 510 2706 difficile
520 2620 655 2685 mobilis.

172 2750 355 2812 Aurieuuus
371 2766 406 2810 ιι.
421 2743 582 2810 -torem
591 2745 827 2826 perseverantia
841 2745 970 2825 sitpors

213 2829 425 2912 fortitudinis.
442 2861 481 2872 -
496 2824 618 2968 pSop„
640 2832 747 2906 ptest.
773 2823 847 2900 128,
877 2833 906 2888 et
928 2825 967 2899 3,

212 2911 288 2974 dist.
303 2908 358 3070 313,
375 2912 483 2990 quest.
524 2949 533 2982 ,
548 2913 611 2968 ort.
625 2905 660 2982 3,
675 2912 783 2986 quest.
796 2904 876 2982 1-2,
893 2913 921 2968 et
935 2903 967 2980 b,

214 3007 302 3070 corp.
390 3049 395 3061 ,

213 3088 262 3150 Ad
283 3087 459 3151 secundum
483 3086 530 3148 sic
555 3085 752 3165 proceditur.
781 3085 810 3146 l.
835 3084 970 3148 Videtur

169 3167 512 3248 quodperseverantia
523 3183 590 3227 non
605 3167 646 3228 sit
658 3183 735 3246 pars
751 3164 966 3240 tortitudinis,

197 3249 263 3321 uia,
281 3250 318 3310 ut
330 3245 629 3325 Philosophusdicit
643 3245 832 3320 in'llltbic.,
849 3261 919 3324 cap.
935 3245 966 3320 7,

172 3266 970 3486 lcasermatiae„ctesicles

172 3488 324 3552 rantiam.
339 3487 425 3567 Ergo
446 3485 689 3565 perseverantia
710 3484 813 3564 magis
828 3487 877 3545 est
892 3500 967 3562 pars

172 3566 394 3647 temperantior
405 3563 503 3646 qudm
519 3563 727 3625 tortitudinis.

212 3647 243 3707 2.
259 3649 435 3718 Pristerea,
456 3643 561 3706 omnis
584 3659 660 3724 pars
679 3642 807 3706 virtutis
836 3641 968 3705 moralis

180 3730 231 3790 est
244 3728 330 3789 eirca
348 3725 476 3804 aliquas
496 3722 664 3802 passiones
680 3738 762 3800 quas
779 3721 882 3784 virtus
894 3737 971 3782 mo-

172 3805 252 3869 ralis
270 3805 465 3870 moderatur.
482 3801 542 3866 Sed
557 3802 802 3882 perseverantia
820 3819 886 3863 non
902 3801 970 3862 im-

173 3887 281 3965 portat
293 3883 524 3946 moderantiam
536 3883 737 3961 passionum,
753 3882 831 3961 quia
846 3882 970 3958 quantd

174 3963 432 4030 vehementiores
455 3961 575 4024 luerint
596 3960 971 4042 passiones,tantdali-

172 4045 247 4124 quis
262 4041 439 4109 seeundirm
455 4043 614 4105 rationem
632 4058 843 4120 perseverans
858 4040 971 4104 lauda-

172 4124 270 4186 bilior
294 4123 431 4187 videtur.
451 4123 539 4202 Ergo
562 4122 688 4184 videtur
705 4121 791 4200 qubd
813 4139 971 4201 perseve-

172 4205 281 4267 rantia
296 4221 361 4266 non
377 4203 418 4265 sit
434 4219 510 4282 pars
525 4201 663 4282 alicujus
678 4200 806 4263 virtutis
823 4200 967 4276 moralis,

173 4283 229 4346 scd
245 4283 346 4364 magis
361 4282 540 4363 prudentiss
552 4326 560 4355 ,
574 4297 647 4360 quae
662 4280 785 4360 perlicit
796 4280 967 4342 rationem.

213 4363 244 4424 3.
264 4364 438 4438 Praeterea‚
465 4361 666 4441 Augustinus
695 4359 770 4422 dicit
793 4360 826 4420 in
852 4360 907 4421 lib.
931 4359 969 4422 de

172 4440 435 4514 Perseverantid,
452 4457 522 4519 cap.
543 4441 578 4513 1,
592 4438 679 4518 qudd
692 4439 970 4519 perseverantiam

173 4523 283 4586 nullus
298 4525 404 4602 potest
419 4521 584 4593 amittere3
603 4519 684 4582 alius
699 4523 810 4581 autem
829 4521 966 4582 virtutes

174 4607 281 4681 potest
304 4603 401 4672 bomo
427 4601 584 4662 amittere.
612 4599 697 4679 Ergo
727 4598 970 4676 perseverantia

174 4685 223 4744 est
235 4683 341 4761 potior
352 4680 501 4742 omnibus
514 4678 586 4741 aliis
599 4678 782 4740 virtutibus.
795 4677 854 4738 Sed
866 4677 968 4738 virtus

174 4762 362 4841 principalis
383 4763 431 4822 est
450 4758 557 4838 potior
572 4753 670 4836 quam
690 4757 759 4836 ejus
778 4773 867 4835 pars.
883 4755 969 4836 Ergo

175 4840 420 4920 perseverantia
435 4856 501 4900 non
515 4843 651 4916 estpars
668 4837 805 4915 alicujus
819 4835 967 4912 virtutis,

60 4955 64 4963 ,
174 4921 231 4982 sed
245 4921 345 5002 magis
362 4919 433 4998 ipsa
448 4923 497 4981 est
508 4919 613 4988 ‚virtus
629 4916 828 4996 principalis.

213 5000 272 5062 Sed
290 5007 403 5063 centra
424 5002 473 5060 est
492 4996 578 5078 qudd
599 4997 743 5068 Tullius,
761 4995 807 5056 lib
822 4993 843 5054 2
859 4992 898 5055 de
916 4994 969 5057 ln·

175 5085 280 5156 veut,
297 5080 455 5159 aliquant.
471 5081 545 5141 ante
559 5077 633 5153 fin,
650 5075 742 5158 ponit
753 5091 969 5156 perseveran-

173 5161 253 5224 tiam
268 5164 393 5242 partem
406 5157 613 5220 tortitudinis.

213 5237 403 5320 Respondeo
426 5236 596 5299 dicendum
623 5236 728 5316 qudd,
756 5236 839 5299 siout
868 5253 969 5315 supra

172 5319 480 5399 dictumest,quaest.
490 5316 559 5392 123,
570 5315 668 5388 arti,
678 5319 707 5378 et
716 5315 905 5394 1-2,quaest.
915 5316 966 5392 til,

174 5401 236 5464 art.
253 5399 358 5474 deti,
375 5399 476 5462 uirtus
497 5396 685 5478 principalis
704 5397 753 5458 est
772 5395 825 5458 cui
845 5395 970 5489 princi-

173 5481 290 5562 paliter
312 5478 504 5544 adscribitur
524 5475 646 5556 aliquid
664 5473 751 5556 quod
775 5477 913 5556 pertinet
928 5475 968 5539 ad

173 5561 303 5624 laudem
319 5557 448 5630 virtutis
461 5603 469 5631 ‚
482 5557 516 5619 in
530 5560 689 5636 quantum
704 5556 826 5618 scilicet
840 5559 970 5618 exercet

174 5641 254 5703 illud
269 5641 356 5704 eirca
377 5637 542 5719 propriam
557 5636 742 5708 materiam,
759 5635 791 5696 in
805 5633 871 5713 qua
882 5635 969 5696 dilli-

176 5722 332 5784 cillimum
350 5722 382 5781 et
396 5719 553 5798 optimum
567 5719 616 5778 est
634 5714 712 5777 illud
727 5717 912 5778 observare.
927 5715 969 5778 'Et

175 5798 352 5864 secundum
366 5797 556 5860 bocdictum
571 5800 619 5858 est
633 5797 746 5874 quast.
765 5794 841 5868 123,
855 5800 916 5858 art.
927 5793 966 5870 2,

174 5879 262 5957 qudd
286 5877 439 5946 tortitudo
461 5880 511 5942 cst
538 5874 727 5958 principalis
746 5873 865 5948 virtus.
890 5873 970 5945 uuia

653 353 787 426 eumer.
807 351 961 413 cxxxvii.
982 351 1027 414 ou
1044 353 1341 420 rnnssusannru.
1397 343 1402 354 '
1428 350 1432 360 “
1466 343 1468 348 ’
1489 345 1493 358 ‘

1768 369 1824 432 tlt

1030 471 1212 536 firmitatem
1234 478 1343 539 servat
1357 475 1390 538 in
1411 475 1461 540 bis
1479 475 1648 559 inquibus
1666 479 1823 547 difficilit-

1028 570 1116 615 mum
1131 557 1180 617 est
1197 552 1332 618 tirmiter
1368 559 1534 632 ersistere,
1549 560 1670 624 scilicet
1686 562 1719 624 in
1755 565 1823 626 eri-

1029 633 1109 695 culis
1124 634 1248 695 mortis.
1264 635 1304 696 Et
1327 573 1398 697 ideo
1412 655 1543 700 necesse
1560 643 1608 700 est
1624 639 1710 719 qudd
1728 582 1823 707 loru-

1029 711 1132 773 tudiui
1157 713 1370 794 adjungatur,
1395 715 1478 779 sicut
1500 718 1692 784 secundaria
1717 722 1821 786 virtus

1028 792 1210 872 principaii,
1220 796 1324 856 omnis
1337 793 1391 856 iila
1402 796 1516 872 virtus,
1526 797 1619 891 cujus
1632 798 1702 862 laus
1714 803 1822 866 consi-

1002 937 1005 946 ,
1028 871 1084 933 stit
1107 871 1140 933 in
1163 873 1351 935 sustinendo
1374 873 1663 956 tirmiterahquod
1680 879 1819 946 difficile.

1027 950 1193 1013 Sustincre
1212 955 1320 1014 autem
1343 953 1561 1019 difficultatem
1576 973 1649 1034 qum
1672 961 1822 1037 provenit

1028 1048 1069 1094 ex
1084 1029 1293 1094 diuturnitate
1306 1033 1381 1094 boni
1397 1035 1516 1114 operis,
1534 1035 1588 1097 dat
1599 1037 1726 1100 laudem
1739 1056 1822 1118 per-

1028 1113 1218 1174 severantia
1242 1131 1250 1172 :
1272 1130 1330 1173 nec
1352 1111 1413 1176 hoc
1439 1120 1487 1176 est
1511 1115 1557 1178 ita
1584 1115 1712 1178 dilticile
1738 1117 1822 1182 sicut

1028 1191 1189 1252 sustinere
1209 1191 1353 1270 pericula
1367 1195 1491 1256 mortis.
1513 1194 1554 1254 Et
1574 1194 1644 1260 ided
1661 1214 1822 1291 perseve-
1853 1251 1855 1258 ,

1027 1268 1133 1332 rantia
1149 1269 1334 1351 adjungitur
1351 1271 1633 1348 tortitudinisicut
1647 1279 1748 1340 virtus
1765 1295 1819 1340 se-
1844 1272 1858 1358 t

1027 1349 1181 1412 cundaria
1196 1349 1378 1430 principali.

1068 1429 1114 1490 Ad
1128 1429 1272 1577 primum
1289 1448 1366 1510 ergo
1381 1430 1551 1494 dicendum
1574 1431 1660 1514 qudd
1674 1437 1818 1500 annexio

1027 1526 1125 1572 secun
1149 1509 1224 1570 arie
1242 1510 1369 1574 virtutis
1387 1511 1426 1573 ad
1466 1512 1655 1592 rincipalom
1671 1531 1736 1577 non
1759 1533 1822 1578 so-

1025 1585 1302 1682 ldmtattenditur
1336 1529 1512 1652 secundina
1546 1593 1734 1668 materiam
1761 1595 1820 1659 sed

1026 1684 1128 1748 magis
1145 1668 1321 1730 secundum
1332 1669 1561 1750 modum,quia
1575 1670 1721 1734 formain
1732 1690 1821 1734 ιιιιο-

1025 1764 1156 1826 quoquo
1174 1749 1279 1826 potior
1300 1753 1349 1810 est
1362 1746 1459 1828 quam
1479 1750 1623 1814 matoria.
1638 1751 1738 1826 Unde,
1746 1750 1821 1816 lieet

1025 1828 1267 1907 perseverantia
1287 1828 1390 1909 magis
1411 1829 1558 1893 videatur
1581 1831 1755 1894 convenire
1784 1831 1819 1894 ia

1024 1905 1162 2000 matoria
1190 1925 1263 1968 cum
1294 1909 1508 1988 temperantia
1535 1907 1634 2002 quam
1658 1927 1732 1972 cum
1751 1909 1821 1972 lor-

1024 1985 1176 2060 trtudine,
1192 1988 1347 2050 tamenin
1361 1988 1454 2052 modo
1469 2006 1571 2069 magis
1584 1989 1734 2052 convenit
1746 2006 1821 2052 cum

1025 2063 1228 2139 tortitudine,
1252 2067 1285 2128 in
1311 2073 1470 2147 quantum
1496 2067 1679 2132 firmitatem
1711 2073 1820 2134 servat

1025 2145 1367 2209 contradillicultatem
1383 2147 1616 2210 diuturnitatis.

1044 2225 1112 2286 ·Ad
1126 2225 1304 2288 secundum
1312 2225 1481 2289 dicendum
1499 2226 1587 2306 qudd
1597 2227 1653 2289 illa
1669 2245 1819 2307 perseve-

1024 2305 1131 2368 rentia
1150 2304 1188 2368 de
1208 2303 1274 2386 qud
1295 2305 1441 2385 loquitur
1458 2306 1691 2385 Philosophus,
1718 2306 1773 2369 lib.
1798 2305 1820 2368 'l

1023 2383 1146 2457 lithle,
1163 2402 1234 2464 cap.
1253 2383 1369 2459 tet-1,
1392 2403 1459 2447 non
1479 2387 1666 2450 moderatur
1690 2386 1817 2464 aliquas

1023 2465 1207 2542 passiones,
1235 2465 1290 2526 sed
1320 2465 1469 2528 consistit
1489 2464 1593 2530 solam
1619 2464 1652 2528 in
1679 2463 1838 2552 quadan,

1023 2542 1174 2624 lirnqitate
1186 2545 1321 2608 rationis
1339 2551 1370 2606 et
1383 2546 1568 2609 voluntatis.
1586 2545 1648 2613 Sed
1662 2569 1821 2630 perseve-

1023 2624 1149 2696 rantia,
1166 2621 1342 2686 sccundiim
1360 2623 1445 2703 qudd
1464 2625 1597 2704 ponitur
1610 2629 1732 2705 virtus,
1747 2649 1822 2694 mo-

1022 2702 1154 2766 deratur
1173 2704 1300 2782 aliquas
1320 2705 1510 2782 passiones,
1527 2704 1650 2770 scilicet
1670 2709 1819 2774 timorem

1023 2783 1219 2864 fatigationis
1237 2786 1295 2846 aut
1321 2781 1461 2846 delectds
1479 2787 1821 2862 propterdiuturnita-

1022 2868 1097 2926 tem.
1120 2863 1209 2926 Unde
1228 2863 1296 2926 bec
1309 2862 1408 2928 virtus
1424 2865 1473 2926 est
1489 2863 1522 2926 in
1541 2863 1717 2946 irascibili,
1738 2869 1820 2934 sicut

1021 2947 1054 3007 ot
1067 2941 1230 3005 tortitudo.

1062 3023 1110 3086 Ad
1123 3024 1254 3085 tertium
1271 3022 1440 3086 dicendum
1454 3021 1541 3102 qudd
1557 3027 1758 3108 Augustinus
1773 3030 1820 3092 ibi

1021 3103 1168 3182 loquitur
1189 3103 1228 3165 de
1263 3101 1526 3182 perseverantii,
1551 3125 1617 3170 non
1643 3107 1820 3170 secundina

1022 3183 1108 3322 pudd
1134 3183 1281 3244 nominat
1299 3182 1444 3244 habitum
1464 3182 1609 3256 virtutis,
1629 3186 1683 3248 sed
1705 3206 1819 3250 secun·

1043 3259 1098 3323 iim
1111 3260 1198 3340 qnod
1213 3261 1359 3323 nominat
1370 3265 1478 3324 actum
1502 3263 1627 3326 uirtutis
1640 3265 1819 3329 continua-

1022 3344 1091 3402 tum
1104 3359 1208 3419 usque
1228 3341 1261 3401 in
1277 3339 1393 3414 finem,
1414 3341 1591 3404 secunddm
1609 3343 1686 3406 illud
1703 3345 1816 3408 blattb.

1022 3417 1073 3496 Sl,
1093 3421 1130 3482 13
1141 3440 1148 3480 :
1159 3419 1223 3496 Qm·
1240 3420 1486 3498 perseveraverit
1497 3440 1593 3514 esque
1606 3422 1641 3486 io
1651 3426 1751 3504 finem,
1767 3423 1819 3486 liic

1022 3501 1128 3561 solues
1138 3499 1210 3562 erit.
1225 3499 1265 3559 Et
1278 3498 1349 3561 ided
1364 3500 1477 3561 contra
1490 3507 1648 3563 rationem
1666 3519 1819 3580 perseve-

1022 3580 1136 3642 rantiae
1153 3580 1200 3642 sic
1219 3581 1356 3656 acceptse
1378 3583 1462 3639 esset
1483 3579 1570 3658 qudd
1598 3581 1816 3658 amitteretur,

1022 3659 1101 3739 qnia
1114 3658 1182 3738 Jam
1200 3675 1266 3720 non
1280 3657 1410 3720 duraret
1424 3675 1529 3738 usque
1544 3659 1577 3720 in
1590 3659 1696 3722 tinem.

1022 3782 1205 3844 Anrroucus
1226 3797 1274 3842 ιιι.
1285 3814 1323 3824 -
1336 3777 1449 3842 Utrtlm
1466 3788 1645 3846 constantia
1657 3783 1818 3864 pertineat

1258 3858 1300 3922 od
1309 3861 1583 3940 perseverentiam.

1062 3960 1109 4023 Ad
1123 3961 1253 4022 tertium
1270 3959 1317 4022 sic
1330 3961 1525 4038 procedent.
1542 3965 1571 4022 1.
1582 3963 1717 4027 Videtur
1730 3965 1817 4058 qudd

1023 4041 1204 4103 constantia
1222 4055 1287 4100 nou
1302 4039 1462 4119 pertineat
1475 4041 1515 4104 ad
1530 4049 1815 4120 perseverantiam.

1023 4118 1211 4184 Constantia
1231 4119 1317 4181 enim
1336 4119 1475 4199 pertinet
1492 4121 1531 4183 ad
1551 4122 1755 4200 patientiam,
1780 4128 1818 4186 ut

1023 4217 1123 4279 supra
1142 4199 1340 4272 dictumest,
1360 4202 1474 4278 quaest.
1494 4218 1608 4278 proce,
1629 4207 1690 4264 art.
1706 4201 1735 4264 5.
1755 4203 1817 4266 Sed

1022 4279 1178 4360 patientia
1194 4276 1300 4342 dillert
1318 4276 1339 4342 cl
1362 4278 1613 4356 perseverantii.
1636 4281 1721 4362 Ergo
1736 4299 1818 4345 con-

1023 4359 1143 4422 stantia
1160 4375 1227 4420 non
1243 4358 1382 4438 pertinet
1395 4356 1436 4418 ad
1449 4361 1734 4438 perseuerantiam.

1063 4437 1093 4499 2.
1107 4439 1280 4509 Praeterea,
1296 4437 1399 4499 oirtos
1413 4445 1456 4497 est
1472 4437 1557 4498 circo
1571 4437 1698 4520 difficile
1714 4448 1741 4502 et
1755 4439 1817 4504 bo-

1023 4536 1109 4580 num.
1125 4515 1184 4578 Sed
1194 4516 1228 4577 in
1240 4517 1381 4596 parviso
1405 4516 1513 4579 eribus
1528 4523 1728 4581 constantem
1744 4539 1816 4584 esso

1023 4615 1089 4659 non
1103 4597 1229 4660 videtur
1247 4614 1317 4658 esse
1334 4594 1364 4656 di
1402 4595 1713 4668 cile,sedsoli1min
1734 4619 1812 4680 ope-

1023 4677 1112 4739 ribus
1136 4675 1282 4754 magnis,
1310 4692 1382 4753 que
1409 4675 1571 4754 pertinent
1598 4677 1637 4741 ad
1664 4679 1817 4760 magniti-
1924 4705 1928 4713 ·

1023 4755 1172 4849 centiam.
1192 4755 1278 4848 Ergo
1296 4754 1478 4817 constantia
1499 4757 1602 4838 magis
1621 4760 1759 4837 pertinet
1774 4758 1815 4821 ad

1022 4833 1800 5008 titillabit,bittittltltllltbl,

1022 4998 1073 5058 ret
1084 4997 1282 5068 constantia,
1302 4994 1335 5055 in
1348 4994 1438 5055 nullo
1455 4993 1618 5057 videretur
1629 4993 1649 5058 a
1662 5013 1800 5074 perseve

1022 5073 1129 5138 rantid
1147 5071 1293 5149 differre,
1312 5073 1390 5152 quia
1408 5077 1584 5153 utrumque
1606 5075 1815 5138 immobilita-

1021 5159 1086 5216 tem
1112 5152 1286 5232 quamdam
1310 5153 1473 5233 importat.
1502 5151 1661 5215 Dillerunt
1687 5157 1813 5228 autem;

1021 5252 1097 5296 nam
1108 5233 1305 5306 Macrobius,
1316 5232 1372 5294 lib.
1387 5233 1403 5293 1
1416 5233 1448 5294 in
1462 5233 1570 5308 Somn.
1583 5233 1678 5312 Scip,
1695 5251 1765 5311 cap.
1780 5233 1813 5309 8,
1876 5281 1888 5296 .

1022 5315 1097 5378 circ.
1123 5312 1220 5386 med,
1234 5312 1409 5375 condividit
1422 5313 1636 5376 constantiam
1653 5312 1813 5388 firmitati,

1021 5391 1816 5554 abibit”ttldltttltatltbltttltt

1336 5517 1343 5534 .
1424 5516 1432 5546 ,
1519 5519 1523 5528 .

1021 5572 1088 5616 non
1102 5519 1240 5634 pertinet
1254 5552 1294 5616 ad
1311 5551 1594 5632 perseverantiam.

1030 5691 1041 5706 ,
1061 5635 1120 5696 Sed
1144 5639 1255 5696 contra
1279 5640 1327 5695 est
1351 5629 1437 5709 qudd
1463 5631 1581 5709 aliquis
1606 5631 1721 5694 dicitur
1742 5650 1814 5694 esso

1021 5719 1174 5778 constans
1191 5731 1233 5776 es
1247 5730 1286 5776 eo
1299 5711 1386 5792 qudd
1404 5711 1437 5772 in
1457 5712 1569 5789 aliquo
1584 5717 1656 5774 stat.
1676 5712 1737 5774 Sed
1750 5711 1815 5772 im-

1021 5810 1153 5856 manere
1179 5793 1342 5872 aliquibus
1373 5793 1511 5870 pertinet
1537 5791 1578 5854 ad
1604 5807 1816 5871 perseveran-

1021 5868 1816 5953 tiam,utpatetexdelinitionequamAndronicur
