4076 6358
231 327 302 400 -ῃ
689 317 820 388 sunum
836 307 1065 382 arianonorum
1085 305 1241 376 sacuam
1260 309 1439 374 sanonum.
1835 311 1893 378 a

272 453 333 526 artl
350 450 399 521 est
418 443 521 538 magle
540 445 678 516 amabile
692 447 814 508 bonum
830 437 929 502 totins
943 433 1045 517 quam
1099 431 1281 494 Aurrconus
1298 447 1341 494 vr.
1363 465 1401 474 -
1418 420 1532 492 Utralm
1553 438 1636 491 unus
1653 426 1822 512 promimus
1845 431 1891 498 sit

231 479 370 608 Bonum
384 535 521 619 partiale
537 531 589 596 sul
604 527 719 610 ipsius,
734 526 772 586 ut
784 520 903 584 dictum
919 519 967 580 cst
981 518 1042 579 art.
1078 587 1081 596 Δ
1136 510 1236 653 mcppip
1245 508 1524 654 dipipepcliosqugm
1536 509 1675 672 aluisi).-
1693 509 1735 594 (3,
1749 511 1887 602 diceba,

272 638 345 686 mc,
1137 609 1198 652 or.
1240 610 1280 664 ,e
1327 593 1462 685 'taqua
1499 607 1629 684 ‚or..
1682 672 1689 686 .

231 641 474 807 ΞΜ.
488 731 651 799 ..Μ
665 730 754 793 Μ
767 720 1045 816 Μαιεε-
1097 671 1183 814 ,a
1200 669 1891 846 sarrancattttuttttnacttt

235 833 240 844 '
288 818 580 905 li'ttifflll'mmlm
695 821 1045 890 ⁶⁰'lm‘l’s0lmum·‘
1098 830 1197 911 quarn
1212 831 1307 892 alius.
1323 829 1406 890 Dicit
1431 828 1518 892 onim
1541 831 1740 912 Augustinus
1762 849 1795 893 rn
1817 830 1890 895 lde

234 968 238 974 .
291 899 572 986 (1*2211¹¹·732“‘·
608 884 967 1002 rfflffl··“⁰p·ff⁸2⁰⁰p·
979 881 1043 963 16·)
1097 911 1205 973 Doctr.
1222 910 1333 982 christ,
1349 925 1419 988 cap.
1432 907 1484 983 28,
1498 909 1531 971 in
1546 911 1805 990 princ.:Omncs
1834 909 1890 972 bo·

232 1027 239 1041 ·
291 999 554 1088 ddqaintnmsic
565 993 760 1076 proceditur.
773 990 804 1050 1.
816 986 949 1050 Videtur
959 983 1046 1064 qudd
1098 992 1196 1052 mines
1214 988 1297 1070 oeqot
1308 987 1464 1068 diiipcndi
1487 997 1572 1050 sunt.
1588 987 1731 1052 Sedecim
1746 989 1890 1054 omnibns

233 1088 348 1150 -nomo
367 1099 433 1146 non
453 1078 557 1159 magis
575 1075 690 1136 debeat
706 1070 840 1162 diligero
861 1067 1045 1160 proximum
1092 1069 1317 1211 prodesseoon
1327 1069 1443 1148 possis,
1455 1066 1504 1130 bic
1512 1068 1711 1150 potissimam
1723 1071 1890 1134 consuen-

251 1164 349 1246 qudm
364 1177 480 1242 corpus
490 1156 671 1240 proprium.
685 1151 722 1213 ln
735 1164 884 1229 proximo
897 1163 982 1206 enum
996 1163 1046 1206 ιιι-
1111 1151 1223 1211 eodum
1236 1155 1278 1209 est
1292 1151 1347 1229 qui
1356 1163 1416 1229 pro
1431 1147 1587 1216 iocorum,
1604 1157 1631 1209 ct
1644 1158 1825 1230 temporam,
1841 1149 1891 1212 oei

247 1245 406 1326 telligitur
416 1256 532 1320 corpus
546 1234 648 1298 nostri
658 1229 810 1313 proximi.
823 1227 854 1288 Si
863 1242 943 1320 pipo
954 1225 1047 1288 dobct
1100 1227 1306 1312 quorumtibet
1316 1245 1422 1289 rerum
1439 1227 1742 1308 opportunitatibus,
1752 1229 1891 1292 constri-

237 1326 348 1386 bomo
364 1323 499 1402 diligere
519 1315 703 1396 proximum
722 1310 794 1388 plus
812 1322 910 1386 quam
928 1320 1044 1383 corpus
1099 1307 1180 1370 ctirls
1194 1307 1252 1371 tibi
1259 1308 1349 1389 quoti
1362 1305 1494 1390 qttddum
1505 1316 1588 1369 sorte
1593 1310 1789 1388 janpuotur.
1803 1309 1891 1390 Ergo

233 1404 430 1485 proprium,
446 1397 594 1482 seqnitur
605 1391 691 1472 qnod
706 1391 779 1470 ptus
791 1386 904 1448 debeat
914 1384 1046 1464 diligero
1096 1389 1322 1470 proximorum
1345 1404 1430 1450 nnus
1445 1392 1575 1452 nonest
1591 1389 1693 1470 magis
1703 1389 1887 1470 diligendus

233 1491 242 1528 s
251 1499 368 1565 corpus
385 1477 525 1564 proximi
541 1472 640 1554 quarn
655 1485 772 1550 corpus
789 1466 967 1546 proprium·
1081 1467 1197 1548 “quam
1213 1467 1310 1530 alins.

290 1565 321 1626 b.
338 1565 509 1629 Proeterea,
527 1552 623 1616 bomo
638 1551 710 1631 plus
723 1547 818 1610 debet
832 1545 964 1637 diligero
977 1541 1047 1606 ani·
1136 1547 1168 1608 Ξ.
1186 1549 1360 1620 Praeterea,
1389 1547 1445 1609 ubi
1463 1563 1531 1610 nna
1555 1549 1587 1609 et
1608 1546 1719 1611 eadem
1734 1551 1785 1612 'est
1806 1551 1888 1611 ratio

235 1661 338 1707 mam
355 1639 527 1722 propriam
545 1631 647 1716 qnam
668 1630 810 1692 animam
830 1625 987 1718 proxumi,
1010 1624 1048 1684 ut
1081 1625 1249 1709 ¹diligendi
1264 1627 1420 1701 diversos,
1444 1645 1510 1688 non
1525 1627 1620 1689 debet
1633 1645 1704 1689 esse
1717 1629 1888 1708 inaequalis

237 1725 372 1786 'dietum
394 1723 444 1783 eat
459 1720 521 1780 art.
548 1730 642 1795 praec.
663 1708 723 1772 Sed
742 1721 859 1786 corpus
877 1721 1047 1785 proprium
1098 1704 1236 1768 ditectio.
1256 1707 1316 1769 Sed
1331 1724 1397 1770 una
1413 1709 1445 1768 et
1458 1707 1567 1770 cadem
1581 1712 1629 1768 est
1642 1707 1726 1772 ratio
1738 1707 1890 1790 diligendi

252 1801 466 1884 propinquius
482 1799 531 1860 εει
549 1793 665 1858 anima
680 1791 798 1850 nostrae
813 1783 910 1864 quarn
926 1783 1047 1863 proxi·
1098 1803 1210 1849 omnes
1226 1787 1409 1880 proximos,
1423 1786 1545 1848 scilicet
1561 1785 1659 1862 Deus,
1673 1789 1710 1849 ut
1725 1794 1813 1868 patet
1832 1807 1892 1868 per

251 1898 343 1955 mns3
359 1895 437 1960 ergo
450 1877 522 1958 plns
535 1873 686 1935 debemus
698 1867 831 1948 diligere
842 1881 958 1944 corpus
971 1880 1047 1946 pro·
1100 1868 1314 1948 augustanum
1329 1865 1362 1926 in
1377 1864 1558 1928 ldebootr.
1568 1867 1692 1949 christ,
1709 1883 1779 1948 cap.
1793 1867 1843 1940 27,
1856 1869 1891 1932 in

250 1964 358 2044 prium
371 1957 471 2040 qnam
489 1953 687 2036 proximum.
1096 1946 1154 2008 tin.
1171 1949 1257 2028 Ergo
1273 1963 1385 2008 omnes
1399 1946 1563 2026 proximos
1577 1945 1744 2026 aqualiter
1758 1947 1891 2029 diligero

291 2043 321 2104 3.
338 2041 506 2110 Praeterea,
523 2029 750 2110 unnsquisque
766 2024 901 2104 exponit
914 2021 944 2084 id
960 2021 1047 2104 qnod
1098 2025 1263 2090 debemus.
1873 2097 1875 2102 Ι

250 2121 358 2185 mincis
380 2121 482 2192 amat,
497 2130 559 2194 pru
575 2128 615 2174 eo
632 2108 719 2188 quod
742 2106 845 2185 magis
867 2107 963 2166 amat.
986 2103 1047 2164 Scd
1138 2105 1168 2166 3.
1184 2107 1354 2178 Praeterea
1365 2121 1476 2168 amare
1488 2107 1537 2176 est
1548 2105 1631 2168 uelle
1646 2105 1765 2168 bonum
1779 2107 1890 2182 alicui,

250 2219 319 2264 nan
339 2198 446 2261 omnis
468 2193 568 2257 bomo
592 2193 720 2252 tenetur
742 2202 905 2264 exponere
929 2199 1046 2262 corpus
1097 2189 1135 2246 nt
1148 2189 1237 2266 patet
1254 2201 1312 2264 per
1324 2180 1556 2263 Philosophum
1569 2183 1604 2245 in
1621 2185 1641 2244 2
1658 2187 1802 2263 dathon,
1819 2205 1855 2249 ca
1883 2232 1890 2248 .

236 2299 292 2362 ·pr
334 2280 421 2342 rium
440 2293 501 2357 pre
521 2273 629 2335 sainte
651 2265 809 2361 proximi3
834 2261 889 2326 sed
910 2264 974 2324 boc
999 2265 1048 2324 est
1099 2261 1129 2339 i,
1155 2267 1189 2326 in
1220 2265 1323 2344 princ.
1339 2264 1399 2326 Sed
1416 2265 1566 2356 omnibus
1593 2267 1749 2346 proximis
1768 2283 1860 2346 aequa

238 2297 1046 2442 pullatorum,mennanmnluuioan.15‚13:
1097 2345 1220 2406 bonum
1250 2343 1415 2416 volumus,
1443 2345 1565 2406 scilicet
1598 2345 1696 2408 vitam
1725 2354 1890 2409 eternam.

251 2442 408 2522 Majorem
421 2435 601 2498 cinniorum
614 2447 700 2491 acmo
718 2425 806 2487 babet
820 2423 911 2504 quim
924 2431 959 2483 ut
975 2423 1049 2483 oat'-
1087 2423 1184 2504 'Ergo
1197 2439 1310 2486 omncs
1326 2423 1490 2503 proximos
1502 2423 1831 2506 acqualiterdebomus
1844 2425 1894 2488 di-

251 2539 331 2582 mam
346 2535 434 2580 soum
451 2519 554 2598 ponat
573 2509 643 2592 prais
660 2525 720 2592 pro
739 2505 847 2567 aneas
864 2503 941 2563 suia.
962 2501 1048 2582 Ergo
1100 2503 1209 2586 ligere.

251 2600 350 2662 bomo
366 2613 435 2658 non
454 2596 639 2658 teneturcx
657 2583 900 2678 charitatppius
916 2581 1049 2664 diligere
1085 2597 1094 2609 ”
1139 2582 1200 2678 Sed
1222 2587 1335 2646 contra
1360 2581 1523 2678 pstqudd
1542 2581 1633 2646 tantd
1661 2584 1891 2678 unpsquisqua

175 2695 186 2706 ’
251 2671 893 2828 tentatattttaltttitt,
914 2741 990 2803 Μ
1010 2739 1049 2802 a
1099 2662 1616 2823 iliitlilla‘ll'inlillll
1629 2661 1894 2822 attitulati

251 2835 405 2900 Doctrina
427 2833 556 2906 christ,
574 2829 631 2892 lib.
653 2827 683 2902 l,
704 2841 775 2905 cap.
796 2819 848 2896 m,
866 2821 955 2902 qubd
973 2819 1050 2902 ptus
1099 2821 1232 2902 graciis
1255 2826 1367 2904 peccat
1390 2823 1446 2902 qui
1468 2823 1535 2902 agit
1551 2825 1664 2885 eontra
1687 2823 1895 2887 dilectionem

250 2917 392 2980 debemus
405 2907 728 2994 dilipcreproaimom
742 2901 833 2986 qoam
846 2917 960 2982 corpus
969 2917 1049 2982 pro·
1100 2903 1286 2982 aliquorum
1322 2903 1562 2984 proximorum,
1598 2897 1696 2982 qudnr
1732 2903 1789 2986 qui
1828 2905 1895 2986 agii

250 2999 368 3080 prium.
1087 2987 1213 3045 'contra
1251 2981 1455 3044 dilectionem
1502 2983 1688 3060 aliquorum
1733 2983 1892 3060 aliornm3

292 3073 481 3158 despondeo
496 3066 666 3133 dicendum
678 3061 767 3143 quiid
782 3059 864 3122 illud
883 3061 985 3141 magis
1001 3064 1049 3124 est
1100 3063 1186 3124 unde
1204 3061 1307 3124 Leuit.
1332 3061 1386 3135 20,
1403 3061 1435 3136 9,
1448 3061 1633 3154 precipitur
1645 3061 1730 3141 qudd
1750 3064 1804 3146 qui
1825 3083 1895 3126 mo-

252 3173 295 3219 ex
311 3155 468 3219 charitate
480 3149 536 3212 dili
578 3146 677 3209 rmum
696 3142 782 3226 quod
802 3141 902 3203 babet
916 3141 1050 3221 planio-
1101 3141 1249 3204 iedioeorit
1270 3141 1362 3222 patri
1378 3149 1435 3202 aut
1461 3149 1575 3208 matra,
1596 3149 1693 3202 morte
1716 3143 1895 3214 moriatur:

240 3253 321 3301 rem
335 3235 494 3298 radonem
512 3229 542 3291 di
557 3225 674 3310 ipibilis
695 3241 737 3286 ex
756 3221 925 3297 charitate,
939 3223 977 3282 ut
994 3219 1050 3282 di·
1101 3221 1187 3302 quod
1204 3237 1269 3282 non
1313 3220 1477 3300 recipitur
1499 3217 1538 3281 de
1557 3219 1606 3282 bis
1637 3221 1693 3300 qui
1721 3223 1802 3285 alios
1831 3224 1896 3285 bo-

252 3319 341 3379 ctum
357 3318 406 3377 est
426 3315 488 3376 art.
505 3309 526 3370 Ξ
545 3307 613 3387 huj.
634 3321 704 3384 qu.,
724 3296 1046 3394 etqu.25,·art.12.
1086 3302 1204 3362 ‘minos
1238 3239 1444 3385 maledicunt.
1473 3297 1560 3379 Erpa
1590 3299 1747 3380 quosdam
1774 3303 1895 3384 proxi·-

241 3392 457 3459 ·Consociatio
484 3395 594 3454 autom
619 3385 656 3446 in
679 3380 778 3464 plena
802 3381 1049 3462 participatione
1090 3399 1229 3442 morum
1249 3380 1401 3443 debemus
1416 3379 1519 3459 magis
1537 3378 1670 3460 diligere
1685 3379 1784 3460 quam
1798 3383 1892 3448 alios.

251 3473 477 3547 beatitudinis,
497 3483 570 3550 qno
590 3467 639 3529 cst
658 3463 742 3528 ratio
762 3461 916 3542 diligendi
935 3461 1051 3541 proxi·
1140 3461 1203 3524 nes
1227 3460 1332 3522 ondeo
1345 3457 1515 3522 dicendum
1534 3459 1620 3540 qudd
1643 3459 1763 3542 duplex
1783 3463 1895 3543 opinio

243 3570 360 3630 *mann
376 3557 427 3618 εει
446 3551 550 3632 major
564 3547 649 3610 ratio
663 3539 814 3624 diligendi
827 3540 927 3636 quam
946 3541 1052 3623 parti·
1102 3540 1188 3604 circa
1200 3479 1264 3604 gno
1277 3539 1335 3634 luit
1354 3539 1509 3634 :quidam
1523 3537 1609 3601 enim
1626 3539 1779 3604 dixerunt
1806 3542 1895 3622 qudd

253 3635 371 3715 cipatio
390 3627 596 3696 beatitudinis
615 3643 677 3706 per
693 3620 961 3697 redundantiam,
978 3639 1050 3700 qua
1102 3637 1214 3683 omnes
1229 3635 1370 3702 proxrnn
1389 3621 1467 3681 sunt
1489 3635 1515 3682 a
1537 3617 1656 3682 naliter
1679 3639 1721 3683 ex
1746 3621 1895 3686 charita-

242 3721 302 3776 ἐει
319 3713 404 3777 ratio
420 3702 571 3792 diligendi
591 3703 760 3788 proprium
774 3719 904 3794 corpus.
919 3699 960 3761 Et
978 3701 1050 3763 ideb
1101 3703 1133 3762 te
1152 3699 1304 3794 diligendi
1327 3695 1485 3777 quantiam
1500 3638 1541 3761 a}
1560 3694 1727 3776 allectum,
1749 3701 1803 3763 sed
1826 3719 1895 3766 non

242 3831 245 3840 ·
274 3793 437 3855 coxineum
447 3785 606 3869 quantiam
617 3783 656 3846 ad
669 3783 806 3844 satutem
819 3796 935 3842 ammae
947 3780 1049 3860 magis
1101 3783 1260 3857 quantum
1283 3777 1323 3840 ad
1335 3779 1528 3841 exteriorem
1546 3777 1709 3854 ellectum3
1734 3786 1893 3861 ponentes

250 3811 406 3937 Echemus
419 3869 551 3949 diligere
566 3861 665 3944 quam
678 3861 845 3940 proprium
859 3875 988 3938 corpus.
1101 3859 1248 3922 ordinem
1261 3856 1439 3920 dilectionis
1449 3857 1769 3940 esseintoliigendum
1781 3878 1896 3924 secun-

294 3949 493 4032 Adprimnm
563 3939 765 4005 adicendum
775 3937 861 4020 qndd
873 3934 1050 4000 secundum
1101 3935 1177 3999 diam
1190 3937 1351 4000 exteriora
1364 3936 1612 4018 beneficiaque
1627 3940 1895 4022 mapsdebemus

250 4030 483 4110 Pbrlosoplrnm
499 4025 534 4087 in
583 4021 701 4093 Ethin,
722 4034 791 4098 cap.
807 4015 840 4092 8,
856 4018 931 4080 circ.
952 4017 1048 4103 med,
1102 4015 1287 4098 impendere
1323 4017 1457 4079 roximis
1480 4015 1579 4097 qnam
1594 4017 1810 4093 alienisrnon
1827 4037 1897 4086 au-

244 4107 492 4202 unumqoodpoc
506 4103 631 4166 videtur
647 4117 708 4161 esse
722 4097 756 4160 id
772 4095 856 4180 qood
873 4105 917 4158 cst
933 4099 1051 4178 proci-
1098 4102 1166 4160 tem
1182 4095 1302 4160 secund
1385 4097 1572 4159 interiorum
1599 4098 1764 4176 allectum,
1796 4117 1897 4182 quem

252 4209 349 4272 purim
368 4189 404 4251 in
428 4204 510 4269 ipso.
532 4181 621 4246 Unde
642 4177 716 4242 cdm
741 4178 858 4240 dicitur
879 4177 1049 4257 proximus
1102 4177 1270 4256 aequaliter
1304 4176 1457 4239 debemus
1495 4177 1680 4259 impendere
1721 4172 1894 4261 omnibus,

227 4271 356 4351 ‚magis
384 4282 455 4332 esse
486 4261 666 4344 diligendus
694 4256 794 4340 quim
823 4273 939 4337 corpus
967 4275 1051 4338 pro·
1103 4257 1199 4321 etiam
1224 4255 1376 4318 inimicis.
1879 4310 1882 4316 ,

244 4351 372 4430 -priurn,
386 4344 579 4426 intelligitur
591 4342 654 4404 boc
667 4335 825 4420 quantiam
839 4337 880 4399 ad
894 4337 1049 4416 animam,
1140 4335 1201 4400 Sed
1217 4335 1280 4398 boc
1293 4335 1558 4400 irrationabiliter
1570 4337 1688 4402 dioitm
1702 4359 1710 4400 ε
1726 4357 1792 4402 non
1808 4341 1897 4405 enim

253 4445 327 4510 quo
341 4433 391 4491 est
403 4425 510 4508 potior
526 4439 601 4505 pars
619 4419 701 4502 ejus.
1101 4415 1209 4480 mincis
1224 4420 1272 4478 est
1286 4416 1486 4480 inordinatus
1498 4415 1630 4482 aflectus
1643 4419 1821 4496 charitatis,
1837 4421 1896 4502 qui

294 4509 341 4570 lld
358 4505 534 4572 secundum
548 4499 721 4564 dicendum
742 4495 828 4578 qudd
847 4515 964 4578 corpus
984 4515 1051 4562 no-
1102 4500 1151 4560 est
1168 4495 1334 4559 inclinatio
1356 4496 1482 4578 gratia,
1501 4495 1600 4578 qudm
1617 4501 1778 4580 appetitus
1791 4507 1907 4565 natu..-

244 4593 356 4652 etcum
372 4591 421 4650 est
441 4582 656 4668 propinquius
674 4579 792 4642 anima
811 4583 931 4642 nostra
951 4577 1051 4657 qndm
1102 4577 1205 4652 ralis,
1230 4578 1287 4656 qui
1311 4581 1360 4639 εει
1386 4577 1554 4641 inclinatio
1581 4583 1736 4655 naturae3·
1754 4585 1828 4644 utra
1853 4595 1896 4646 ua

254 4669 438 4750 proximus,
451 4661 609 4746 quantdm
628 4659 668 4722 ad
686 4656 947 4720 constitutionem
966 4677 1052 4738 pro-
1090 4658 1190 4724 .enim
1204 4657 1426 4720 inclinatioex
1442 4657 1552 4722 dulei
1566 4657 1726 4739 sapientil
1858 4663 1894 4736 it.

255 4751 333 4830 priae
353 4753 495 4820 naturaea
516 4742 571 4806 sed
591 4734 750 4822 quantiam
766 4738 806 4802 ad
823 4740 1052 4819 participatio-
1094 4735 1421 4829 ,tidomusautemin
1440 4740 1642 4804 motibus
1654 4679 1897 4820 quosinclina·

247 4835 328 4891 nem
346 4823 571 4896 beatitudinis,
585 4819 690 4902 major
703 4825 751 4881 cst
765 4819 962 4882 consociatio
977 4819 1053 4880 ani·
1102 4820 1148 4879 tro
1165 4817 1323 4880 naturalis
1336 4819 1701 4897 proportionaturactui
1718 4823 1772 4886 vei
1790 4821 1896 4886 motui

253 4925 314 4972 mn
325 4903 519 4988 qnuxnnlad
534 4902 675 4966 animam
684 4904 831 4962 nostram
842 4896 1051 4979 quinetiam
1103 4897 1159 4976 qui
1186 4898 1478 4961 convenitnaturo
1504 4899 1780 4980 uniuscuiusque
1810 4903 1897 4969 sicut

245 4987 400 5068 :corporis
416 4983 551 5080 proprii.
1103 4980 1190 5039 terra
1203 4977 1300 5040 habet
1313 4976 1468 5055 majorem
1475 4977 1717 5044 inclinationem
1727 4982 1896 5063 prauitatis

193 5103 197 5109 ·
295 5059 670 5134 Adtortrnmdicendum
685 5057 770 5140 qnod
786 5057 1051 5122 cuilrlrethomini
1103 5054 1202 5198 guam
1216 5055 1410 5136 nqua,quia
1425 5059 1576 5150 competit
1589 5056 1620 5122 ei
1634 5079 1706 5126 esse
1722 5064 1782 5126 sub
1795 5062 1894 5142 aqna.

255 5149 400 5210 imminet
408 5137 1052 5225 curapropriicorporimnonantemim·
1132 5140 1237 5216 portet
1251 5154 1287 5198 er
1309 5153 1328 5195 o
1352 5134 1438 5213 qtrdd
1462 5141 1560 5201 etiam
1576 5139 1745 5206 mcliuado
1760 5142 1894 5237 pratia,

256 5229 355 5290 minet
368 5227 500 5290 cuilibet
508 5221 632 5285 homini
646 5235 725 5282 cura
734 5215 772 5279 de
783 5217 887 5281 salute
892 5217 1049 5360 proximi,
1104 5231 1176 5294 quae
1191 5219 1239 5277 cst
1262 5154 1394 5278 alectus
1419 5215 1604 5295 charitatis,
1630 5227 1897 5302 proportionetur

251 5307 317 5370 nisi
328 5307 411 5370 lorti
420 5309 457 5368 in
469 5321 549 5367 casu
564 5297 764 5363 necessitatis
775 5317 784 5370 3
797 5301 830 5358 et
840 5297 890 5358 ide
924 5302 1052 5360 nonest
1103 5295 1153 5357 his
1168 5313 1241 5376 quar
1252 5298 1328 5358 sunt
1339 5295 1483 5362 exterids
1497 5299 1642 5381 agenda3
1659 5301 1704 5364 ita
1724 5301 1846 5366 scilicet
1861 5305 1898 5368 ui

255 5388 293 5448 dc
322 5386 512 5452 necessitate
535 5379 703 5445 charitatis
731 5375 818 5456 qudd
846 5375 942 5440 bomo
967 5395 1052 5456 pro-
1103 5374 1143 5438 ad
1160 5390 1215 5438 cos
1241 5373 1450 5439 intensiorem
1476 5377 1641 5444 charitatis
1658 5379 1808 5445 adactum
1829 5383 1898 5448 ha-

247 5469 361 5547 ·prium
384 5479 502 5548 corpus
518 5463 662 5540 exponat
682 5474 744 5538 pro
768 5457 871 5518 saluta
893 5457 1049 5536 proximi,
1102 5455 1249 5531 beamus,
1263 5455 1382 5536 quibus
1404 5459 1555 5522 convenit
1570 5478 1629 5524 nos
1644 5463 1750 5544 magis
1765 5461 1898 5528 benefi-

247 5549 318 5610 nisi
340 5549 373 5610 in
392 5561 471 5612 casn
537 5560 558 5603 o
581 5542 709 5602 terimur
727 5535 798 5617 ejus
818 5535 914 5598 saluti
937 5537 1052 5616 provi·
1103 5551 1158 5597 cos
1174 5551 1256 5600 esse.

247 5628 344 5700 aare,
359 5627 449 5705 seqq
530 5620 648 5701 aliquis
666 5615 781 5699 sponte
795 5616 836 5679 ad
849 5615 911 5678 hoc
925 5634 960 5678 se
973 5615 1052 5680 olie-
1142 5615 1182 5676 Et
1192 5614 1442 5683 ideddicendum
1450 5621 1497 5681 εει
1506 5617 1592 5700 qudd
1604 5621 1703 5684 etiam
1717 5621 1897 5687 secundum

247 5714 325 5784 εει,
342 5706 482 5787 pertinet
495 5701 535 5768 ad
547 5699 777 5784 perlectionem
792 5695 968 5761 charitatis.
1103 5691 1252 5757 allectum
1281 5702 1408 5777 oportet
1429 5701 1531 5780 magis
1549 5718 1652 5764 unum
1670 5701 1897 5783 proximorum

1102 5771 1204 5869 quam
1216 5775 1316 5872 alium
1332 5778 1485 5872 diligere.
1508 5779 1549 5842 Et
1568 5783 1651 5843 ratio
1666 5786 1715 5846 est
1726 5782 1806 5878 quia
1820 5781 1895 5857 curu

1029 5875 1033 5884 ·
1098 5867 1297 5940 principium
1311 5857 1489 5925 duecuonis
1506 5861 1548 5926 sit
1573 5859 1672 5946 Deus,
1687 5867 1719 5927 et
1736 5878 1805 5944 ipse
1821 5862 1897 5952 dill'f
