<?xml version="1.0" encoding="UTF-8"?>
<!DOCTYPE html PUBLIC "-//W3C//DTD XHTML 1.0 Transitional//EN"
    "http://www.w3.org/TR/xhtml1/DTD/xhtml1-transitional.dtd">
<html xmlns="http://www.w3.org/1999/xhtml" xml:lang="en" lang="en">
 <head>
  <title>
</title>
<meta http-equiv="Content-Type" content="text/html;charset=utf-8" />
  <meta name='ocr-system' content='tesseract 3.04.00' />
  <meta name='ocr-capabilities' content='ocr_page ocr_carea ocr_par ocr_line ocrx_word'/>
</head>
<body>
  <div class='ocr_page' id='page_1' title='image "./divithomaeaquin01rubegoog/divithomaeaquin01rubegoog_0336.png"; bbox 0 0 4110 6346; ppageno 0'>
   <div class='ocr_carea' id='block_1_1' title="bbox 187 337 1823 412">
    <p class='ocr_par' dir='ltr' id='par_1_1' title="bbox 187 337 1823 412">
     <span class='ocr_line' id='line_1_1' title="bbox 187 337 1823 412; baseline -0.007 -7"><span class='ocrx_word' id='word_1_1' title='bbox 187 343 243 405; x_wconf 84' lang='lat' dir='ltr'><strong>cca</strong></span> <span class='ocrx_word' id='word_1_2' title='bbox 734 339 870 412; x_wconf 77' lang='lat' dir='ltr'><strong>consu.</strong></span> <span class='ocrx_word' id='word_1_3' title='bbox 891 337 1044 400; x_wconf 78' lang='lat' dir='ltr'><strong>cxxxvu.</strong></span> <span class='ocrx_word' id='word_1_4' title='bbox 1066 337 1110 396; x_wconf 87' lang='lat' dir='ltr'><strong>on</strong></span> <span class='ocrx_word' id='word_1_5' title='bbox 1129 337 1274 398; x_wconf 76' lang='lat' dir='ltr'><strong>unctus.</strong></span> <span class='ocrx_word' id='word_1_6' title='bbox 1767 337 1823 407; x_wconf 62' lang='lat' dir='ltr'><strong>sse</strong></span> 
     </span>
    </p>
   </div>
   <div class='ocr_carea' id='block_1_2' title="bbox 186 452 1869 2924">
    <p class='ocr_par' dir='ltr' id='par_1_2' title="bbox 186 452 1869 2924">
     <span class='ocr_line' id='line_1_2' title="bbox 191 452 1820 535; baseline 0.002 -12"><span class='ocrx_word' id='word_1_7' title='bbox 191 461 276 523; x_wconf 93' lang='lat' dir='ltr'><strong>llbus</strong></span> <span class='ocrx_word' id='word_1_8' title='bbox 303 457 432 522; x_wconf 77' lang='lat' dir='ltr'><strong>casibus</strong></span> <span class='ocrx_word' id='word_1_9' title='bbox 454 473 521 519; x_wconf 89' lang='lat' dir='ltr'><strong>non</strong></span> <span class='ocrx_word' id='word_1_10' title='bbox 544 456 669 520; x_wconf 90' lang='lat' dir='ltr'><strong>videtur</strong></span> <span class='ocrx_word' id='word_1_11' title='bbox 690 471 786 535; x_wconf 89' lang='lat' dir='ltr'><strong>posse</strong></span> <span class='ocrx_word' id='word_1_12' title='bbox 801 452 897 516; x_wconf 90' lang='lat' dir='ltr'><strong>distin</strong></span> <span class='ocrx_word' id='word_1_13' title='bbox 945 452 978 526; x_wconf 91' lang='lat' dir='ltr'><strong>i,</strong></span> <span class='ocrx_word' id='word_1_14' title='bbox 1032 453 1426 519; x_wconf 70' lang='lat' dir='ltr'><strong>lauronensia-Uesta</strong></span> <span class='ocrx_word' id='word_1_15' title='bbox 1439 456 1820 526; x_wconf 77' lang='lat' dir='ltr'><strong>etiomclcvicttcscontsr</strong></span> 
     </span>
     <span class='ocr_line' id='line_1_3' title="bbox 192 533 1542 622; baseline -0.001 -21"><span class='ocrx_word' id='word_1_16' title='bbox 192 541 309 622; x_wconf 90' lang='lat' dir='ltr'><strong>quibus</strong></span> <span class='ocrx_word' id='word_1_17' title='bbox 324 537 447 601; x_wconf 89' lang='lat' dir='ltr'><strong>clericis</strong></span> <span class='ocrx_word' id='word_1_18' title='bbox 462 537 528 598; x_wconf 91' lang='lat' dir='ltr'><strong>sint</strong></span> <span class='ocrx_word' id='word_1_19' title='bbox 547 536 678 599; x_wconf 74' lang='lat' dir='ltr'><strong>decimae</strong></span> <span class='ocrx_word' id='word_1_20' title='bbox 698 534 870 597; x_wconf 73' lang='lat' dir='ltr'><strong>solvendae.</strong></span> <span class='ocrx_word' id='word_1_21' title='bbox 922 549 980 614; x_wconf 88' lang='lat' dir='ltr'><strong>rgo</strong></span> <span class='ocrx_word' id='word_1_22' title='bbox 1310 533 1441 598; x_wconf 74' lang='grc' dir='ltr'>ιιιοιιιιαι</span> <span class='ocrx_word' id='word_1_23' title='bbox 1457 537 1542 600; x_wconf 85' lang='lat' dir='ltr'><strong>dore.</strong></span> 
     </span>
     <span class='ocr_line' id='line_1_4' title="bbox 193 611 1822 697; baseline 0.002 -15"><span class='ocrx_word' id='word_1_24' title='bbox 193 638 257 682; x_wconf 91' lang='lat' dir='ltr'><strong>non</strong></span> <span class='ocrx_word' id='word_1_25' title='bbox 271 617 399 681; x_wconf 91' lang='lat' dir='ltr'><strong>videtur</strong></span> <span class='ocrx_word' id='word_1_26' title='bbox 412 615 498 696; x_wconf 85' lang='lat' dir='ltr'><strong>qubd</strong></span> <span class='ocrx_word' id='word_1_27' title='bbox 513 616 677 696; x_wconf 77' lang='lat' dir='ltr'><strong>aliquibus</strong></span> <span class='ocrx_word' id='word_1_28' title='bbox 694 614 818 677; x_wconf 81' lang='lat' dir='ltr'><strong>clericis</strong></span> <span class='ocrx_word' id='word_1_29' title='bbox 831 611 980 676; x_wconf 88' lang='lat' dir='ltr'><strong>determi-</strong></span> <span class='ocrx_word' id='word_1_30' title='bbox 1072 614 1119 676; x_wconf 82' lang='lat' dir='ltr'><strong>Ad</strong></span> <span class='ocrx_word' id='word_1_31' title='bbox 1149 617 1302 694; x_wconf 88' lang='lat' dir='ltr'><strong>quartum</strong></span> <span class='ocrx_word' id='word_1_32' title='bbox 1327 615 1374 679; x_wconf 93' lang='lat' dir='ltr'><strong>sic</strong></span> <span class='ocrx_word' id='word_1_33' title='bbox 1399 618 1593 697; x_wconf 77' lang='lat' dir='ltr'><strong>proceditur.</strong></span> <span class='ocrx_word' id='word_1_34' title='bbox 1625 621 1654 682; x_wconf 92' lang='lat' dir='ltr'><strong>l.</strong></span> <span class='ocrx_word' id='word_1_35' title='bbox 1686 620 1822 686; x_wconf 87' lang='lat' dir='ltr'><strong>Videtur</strong></span> 
     </span>
     <span class='ocr_line' id='line_1_5' title="bbox 192 691 1818 780; baseline 0.001 -16"><span class='ocrx_word' id='word_1_36' title='bbox 192 691 277 764; x_wconf 66' lang='lat' dir='ltr'><strong>nate</strong></span> <span class='ocrx_word' id='word_1_37' title='bbox 291 699 355 762; x_wconf 88' lang='lat' dir='ltr'><strong>siut</strong></span> <span class='ocrx_word' id='word_1_38' title='bbox 368 694 680 760; x_wconf 77' lang='lat' dir='ltr'><strong>solvendodecima.</strong></span> <span class='ocrx_word' id='word_1_39' title='bbox 1032 693 1120 773; x_wconf 84' lang='lat' dir='ltr'><strong>qubd</strong></span> <span class='ocrx_word' id='word_1_40' title='bbox 1141 693 1237 756; x_wconf 82' lang='lat' dir='ltr'><strong>etiam</strong></span> <span class='ocrx_word' id='word_1_41' title='bbox 1258 694 1366 757; x_wconf 87' lang='lat' dir='ltr'><strong>elerici</strong></span> <span class='ocrx_word' id='word_1_42' title='bbox 1381 699 1554 761; x_wconf 88' lang='lat' dir='ltr'><strong>teneantur</strong></span> <span class='ocrx_word' id='word_1_43' title='bbox 1566 699 1705 763; x_wconf 90' lang='lat' dir='ltr'><strong>decimas</strong></span> <span class='ocrx_word' id='word_1_44' title='bbox 1728 701 1818 780; x_wconf 90' lang='lat' dir='ltr'><strong>darc,</strong></span> 
     </span>
     <span class='ocr_line' id='line_1_6' title="bbox 230 773 1820 914; baseline 0.004 -74"><span class='ocrx_word' id='word_1_45' title='bbox 230 779 258 840; x_wconf 83' lang='grc'><strong>3.</strong></span> <span class='ocrx_word' id='word_1_46' title='bbox 281 780 450 851; x_wconf 76' lang='lat' dir='ltr'><strong>Preterea,</strong></span> <span class='ocrx_word' id='word_1_47' title='bbox 461 775 619 857; x_wconf 89' lang='lat' dir='ltr'><strong>generalis</strong></span> <span class='ocrx_word' id='word_1_48' title='bbox 632 773 831 838; x_wconf 90' lang='lat' dir='ltr'><strong>consuetudo</strong></span> <span class='ocrx_word' id='word_1_49' title='bbox 840 773 937 836; x_wconf 84' lang='lat' dir='ltr'><strong>babet</strong></span> <span class='ocrx_word' id='word_1_50' title='bbox 945 773 979 836; x_wconf 91' lang='lat' dir='ltr'><strong>in</strong></span> <span class='ocrx_word' id='word_1_51' title='bbox 1032 773 1110 914; x_wconf 52' lang='lat' dir='ltr'><strong>guia</strong></span> <span class='ocrx_word' id='word_1_52' title='bbox 1123 773 1161 836; x_wconf 84' lang='lat' dir='ltr'><strong>de</strong></span> <span class='ocrx_word' id='word_1_53' title='bbox 1176 773 1250 854; x_wconf 86' lang='lat' dir='ltr'><strong>jure</strong></span> <span class='ocrx_word' id='word_1_54' title='bbox 1271 778 1434 838; x_wconf 90' lang='lat' dir='ltr'><strong>communi</strong></span> <span class='ocrx_word' id='word_1_55' title='bbox 1456 777 1601 842; x_wconf 84' lang='lat' dir='ltr'><strong>Ecclesia</strong></span> <span class='ocrx_word' id='word_1_56' title='bbox 1624 781 1820 859; x_wconf 87' lang='lat' dir='ltr'><strong>parochialis</strong></span> 
     </span>
     <span class='ocr_line' id='line_1_7' title="bbox 237 852 1821 939; baseline 0.003 -19"><span class='ocrx_word' id='word_1_57' title='bbox 237 858 383 922; x_wconf 88' lang='lat' dir='ltr'><strong>ibusdam</strong></span> <span class='ocrx_word' id='word_1_58' title='bbox 407 856 503 919; x_wconf 89' lang='lat' dir='ltr'><strong>terris</strong></span> <span class='ocrx_word' id='word_1_59' title='bbox 526 854 612 936; x_wconf 87' lang='lat' dir='ltr'><strong>qubd</strong></span> <span class='ocrx_word' id='word_1_60' title='bbox 636 854 751 916; x_wconf 88' lang='lat' dir='ltr'><strong>milites</strong></span> <span class='ocrx_word' id='word_1_61' title='bbox 776 853 915 917; x_wconf 86' lang='lat' dir='ltr'><strong>decimas</strong></span> <span class='ocrx_word' id='word_1_62' title='bbox 938 853 979 916; x_wconf 90' lang='lat' dir='ltr'><strong>ab</strong></span> <span class='ocrx_word' id='word_1_63' title='bbox 1053 852 1124 916; x_wconf 90' lang='lat' dir='ltr'><strong>ebet</strong></span> <span class='ocrx_word' id='word_1_64' title='bbox 1150 855 1293 933; x_wconf 86' lang='lat' dir='ltr'><strong>recipere</strong></span> <span class='ocrx_word' id='word_1_65' title='bbox 1315 854 1456 920; x_wconf 90' lang='lat' dir='ltr'><strong>decimas</strong></span> <span class='ocrx_word' id='word_1_66' title='bbox 1476 858 1669 936; x_wconf 83' lang='lat' dir='ltr'><strong>prediorum</strong></span> <span class='ocrx_word' id='word_1_67' title='bbox 1689 877 1763 939; x_wconf 73' lang='lat' dir='ltr'><strong>qua</strong></span> <span class='ocrx_word' id='word_1_68' title='bbox 1786 863 1821 925; x_wconf 91' lang='lat' dir='ltr'><strong>in</strong></span> 
     </span>
     <span class='ocr_line' id='line_1_8' title="bbox 216 932 1821 1032; baseline 0.001 -31"><span class='ocrx_word' id='word_1_69' title='bbox 216 935 334 1001; x_wconf 80' lang='lat' dir='ltr'><strong>eclesia</strong></span> <span class='ocrx_word' id='word_1_70' title='bbox 356 937 390 997; x_wconf 93' lang='lat' dir='ltr'><strong>in</strong></span> <span class='ocrx_word' id='word_1_71' title='bbox 406 935 535 998; x_wconf 84' lang='lat' dir='ltr'><strong>laudum</strong></span> <span class='ocrx_word' id='word_1_72' title='bbox 558 937 692 1009; x_wconf 88' lang='lat' dir='ltr'><strong>teueut;</strong></span> <span class='ocrx_word' id='word_1_73' title='bbox 717 932 859 1014; x_wconf 79' lang='lat' dir='ltr'><strong>religiosi</strong></span> <span class='ocrx_word' id='word_1_74' title='bbox 883 933 979 994; x_wconf 90' lang='lat' dir='ltr'><strong>etiam</strong></span> <span class='ocrx_word' id='word_1_75' title='bbox 1031 933 1193 994; x_wconf 88' lang='lat' dir='ltr'><strong>territorio</strong></span> <span class='ocrx_word' id='word_1_76' title='bbox 1210 934 1281 997; x_wconf 90' lang='lat' dir='ltr'><strong>e&#39;us</strong></span> <span class='ocrx_word' id='word_1_77' title='bbox 1302 939 1389 997; x_wconf 91' lang='lat' dir='ltr'><strong>sunt.</strong></span> <span class='ocrx_word' id='word_1_78' title='bbox 1404 935 1567 1032; x_wconf 71' lang='lat' dir='ltr'><strong>Contingit</strong></span> <span class='ocrx_word' id='word_1_79' title='bbox 1587 942 1695 1000; x_wconf 88' lang='lat' dir='ltr'><strong>autem</strong></span> <span class='ocrx_word' id='word_1_80' title='bbox 1716 957 1821 1020; x_wconf 90' lang='lat' dir='ltr'><strong>quan·-</strong></span> 
     </span>
     <span class='ocr_line' id='line_1_9' title="bbox 189 953 1822 1106; baseline 0.002 -28"><span class='ocrx_word' id='word_1_81' title='bbox 189 1017 320 1096; x_wconf 92' lang='lat' dir='ltr'><strong>quidam</strong></span> <span class='ocrx_word' id='word_1_82' title='bbox 333 1016 472 1078; x_wconf 89' lang='lat' dir='ltr'><strong>decimas</strong></span> <span class='ocrx_word' id='word_1_83' title='bbox 487 1015 660 1094; x_wconf 90' lang='lat' dir='ltr'><strong>accipiunt.</strong></span> <span class='ocrx_word' id='word_1_84' title='bbox 675 1013 747 1078; x_wconf 88' lang='lat' dir='ltr'><strong>Non</strong></span> <span class='ocrx_word' id='word_1_85' title='bbox 760 1029 837 1095; x_wconf 90' lang='lat' dir='ltr'><strong>ergo</strong></span> <span class='ocrx_word' id='word_1_86' title='bbox 852 1011 979 1074; x_wconf 87' lang='lat' dir='ltr'><strong>videtur</strong></span> <span class='ocrx_word' id='word_1_87' title='bbox 1032 1012 1137 1106; x_wconf 84' lang='lat' dir='ltr'><strong>doque</strong></span> <span class='ocrx_word' id='word_1_88' title='bbox 1151 953 1239 1092; x_wconf 62' lang='lat' dir='ltr'><strong>qubd</strong></span> <span class='ocrx_word' id='word_1_89' title='bbox 1259 1014 1366 1078; x_wconf 86' lang='lat' dir='ltr'><strong>clerici</strong></span> <span class='ocrx_word' id='word_1_90' title='bbox 1387 1015 1507 1078; x_wconf 90' lang='lat' dir='ltr'><strong>babent</strong></span> <span class='ocrx_word' id='word_1_91' title='bbox 1527 1033 1562 1078; x_wconf 93' lang='grc' dir='ltr'><strong>ιιι</strong></span> <span class='ocrx_word' id='word_1_92' title='bbox 1575 1019 1738 1080; x_wconf 90' lang='lat' dir='ltr'><strong>territorio</strong></span> <span class='ocrx_word' id='word_1_93' title='bbox 1754 1021 1822 1084; x_wconf 92' lang='lat' dir='ltr'><strong>ali-</strong></span> 
     </span>
     <span class='ocr_line' id='line_1_10' title="bbox 189 1091 1820 1178; baseline 0.003 -20"><span class='ocrx_word' id='word_1_94' title='bbox 189 1093 395 1174; x_wconf 81' lang='lat' dir='ltr'><strong>quodsolam</strong></span> <span class='ocrx_word' id='word_1_95' title='bbox 408 1095 530 1158; x_wconf 89' lang='lat' dir='ltr'><strong>clericis</strong></span> <span class='ocrx_word' id='word_1_96' title='bbox 542 1111 654 1157; x_wconf 89' lang='lat' dir='ltr'><strong>curam</strong></span> <span class='ocrx_word' id='word_1_97' title='bbox 666 1093 849 1156; x_wconf 90' lang='lat' dir='ltr'><strong>animarum</strong></span> <span class='ocrx_word' id='word_1_98' title='bbox 864 1091 981 1154; x_wconf 91' lang='lat' dir='ltr'><strong>baben·</strong></span> <span class='ocrx_word' id='word_1_99' title='bbox 1033 1110 1124 1171; x_wconf 71' lang='lat' dir='ltr'><strong>cujus</strong></span> <span class='ocrx_word' id='word_1_100' title='bbox 1153 1093 1347 1174; x_wconf 90' lang='lat' dir='ltr'><strong>parochialis</strong></span> <span class='ocrx_word' id='word_1_101' title='bbox 1378 1095 1528 1159; x_wconf 81' lang='lat' dir='ltr'><strong>Ecclesiae</strong></span> <span class='ocrx_word' id='word_1_102' title='bbox 1557 1096 1667 1175; x_wconf 91' lang='lat' dir='ltr'><strong>aliqua</strong></span> <span class='ocrx_word' id='word_1_103' title='bbox 1702 1099 1820 1178; x_wconf 85' lang='lat' dir='ltr'><strong>predia</strong></span> 
     </span>
     <span class='ocr_line' id='line_1_11' title="bbox 188 1173 1820 1251; baseline 0.002 -15"><span class='ocrx_word' id='word_1_104' title='bbox 188 1177 276 1238; x_wconf 90' lang='lat' dir='ltr'><strong>tibus</strong></span> <span class='ocrx_word' id='word_1_105' title='bbox 289 1175 419 1237; x_wconf 79' lang='lat' dir='ltr'><strong>decime</strong></span> <span class='ocrx_word' id='word_1_106' title='bbox 433 1174 621 1237; x_wconf 79' lang='lat' dir='ltr'><strong>debeantur.</strong></span> <span class='ocrx_word' id='word_1_107' title='bbox 1032 1173 1185 1251; x_wconf 88' lang='lat' dir='ltr'><strong>propria;</strong></span> <span class='ocrx_word' id='word_1_108' title='bbox 1214 1173 1264 1234; x_wconf 91' lang='lat' dir='ltr'><strong>vel</strong></span> <span class='ocrx_word' id='word_1_109' title='bbox 1287 1174 1384 1236; x_wconf 89' lang='lat' dir='ltr'><strong>etiam</strong></span> <span class='ocrx_word' id='word_1_110' title='bbox 1408 1175 1474 1240; x_wconf 89' lang='lat' dir='ltr'><strong>alia</strong></span> <span class='ocrx_word' id='word_1_111' title='bbox 1494 1175 1638 1240; x_wconf 83' lang='lat' dir='ltr'><strong>Ecclesia</strong></span> <span class='ocrx_word' id='word_1_112' title='bbox 1661 1178 1759 1240; x_wconf 88' lang='lat' dir='ltr'><strong>babet</strong></span> <span class='ocrx_word' id='word_1_113' title='bbox 1777 1181 1820 1241; x_wconf 90' lang='lat' dir='ltr'><strong>ibi</strong></span> 
     </span>
     <span class='ocr_line' id='line_1_12' title="bbox 216 1249 1821 1334; baseline 0.003 -19"><span class='ocrx_word' id='word_1_114' title='bbox 216 1255 288 1318; x_wconf 74' lang='lat' dir='ltr'><strong>,Sed</strong></span> <span class='ocrx_word' id='word_1_115' title='bbox 306 1258 478 1317; x_wconf 89' lang='lat' dir='ltr'><strong>contraest</strong></span> <span class='ocrx_word' id='word_1_116' title='bbox 494 1253 580 1334; x_wconf 92' lang='lat' dir='ltr'><strong>quod</strong></span> <span class='ocrx_word' id='word_1_117' title='bbox 597 1253 712 1315; x_wconf 91' lang='lat' dir='ltr'><strong>dicitur</strong></span> <span class='ocrx_word' id='word_1_118' title='bbox 726 1253 819 1315; x_wconf 86' lang='lat' dir='ltr'><strong>Num.</strong></span> <span class='ocrx_word' id='word_1_119' title='bbox 843 1249 898 1326; x_wconf 89' lang='lat'><strong>18,</strong></span> <span class='ocrx_word' id='word_1_120' title='bbox 919 1249 977 1312; x_wconf 76' lang='lat'><strong>21:</strong></span> <span class='ocrx_word' id='word_1_121' title='bbox 1032 1251 1254 1331; x_wconf 90' lang='lat' dir='ltr'><strong>possessiones</strong></span> <span class='ocrx_word' id='word_1_122' title='bbox 1288 1254 1531 1318; x_wconf 89' lang='lat' dir='ltr'><strong>ecclesiasticas.</strong></span> <span class='ocrx_word' id='word_1_123' title='bbox 1571 1255 1657 1318; x_wconf 90' lang='lat' dir='ltr'><strong>Ero</strong></span> <span class='ocrx_word' id='word_1_124' title='bbox 1694 1257 1821 1320; x_wconf 89' lang='lat' dir='ltr'><strong>videtur</strong></span> 
     </span>
     <span class='ocr_line' id='line_1_13' title="bbox 188 1330 1819 1414; baseline 0.001 -18"><span class='ocrx_word' id='word_1_125' title='bbox 188 1334 287 1396; x_wconf 82' lang='lat' dir='ltr'><strong>Filiis</strong></span> <span class='ocrx_word' id='word_1_126' title='bbox 301 1333 377 1395; x_wconf 82' lang='lat' dir='ltr'><strong>Levi</strong></span> <span class='ocrx_word' id='word_1_127' title='bbox 391 1333 462 1398; x_wconf 83' lang='lat' dir='ltr'><strong>dedi</strong></span> <span class='ocrx_word' id='word_1_128' title='bbox 477 1353 578 1396; x_wconf 84' lang='lat' dir='ltr'><strong>omnes</strong></span> <span class='ocrx_word' id='word_1_129' title='bbox 593 1333 726 1394; x_wconf 83' lang='lat' dir='ltr'><strong>decimos</strong></span> <span class='ocrx_word' id='word_1_130' title='bbox 740 1330 841 1393; x_wconf 84' lang='lat' dir='ltr'><strong>lsrael</strong></span> <span class='ocrx_word' id='word_1_131' title='bbox 855 1332 890 1392; x_wconf 81' lang='lat' dir='ltr'><strong>ic</strong></span> <span class='ocrx_word' id='word_1_132' title='bbox 927 1350 981 1392; x_wconf 87' lang='lat' dir='ltr'><strong>os·</strong></span> <span class='ocrx_word' id='word_1_133' title='bbox 1032 1331 1120 1412; x_wconf 88' lang='lat' dir='ltr'><strong>qubd</strong></span> <span class='ocrx_word' id='word_1_134' title='bbox 1131 1331 1237 1394; x_wconf 86' lang='lat' dir='ltr'><strong>elerici</strong></span> <span class='ocrx_word' id='word_1_135' title='bbox 1246 1335 1399 1395; x_wconf 90' lang='lat' dir='ltr'><strong>tenentur</strong></span> <span class='ocrx_word' id='word_1_136' title='bbox 1409 1334 1485 1397; x_wconf 91' lang='lat' dir='ltr'><strong>dare</strong></span> <span class='ocrx_word' id='word_1_137' title='bbox 1494 1335 1593 1414; x_wconf 81' lang='lat' dir='ltr'><strong>predi</strong></span> <span class='ocrx_word' id='word_1_138' title='bbox 1626 1353 1660 1398; x_wconf 86' lang='lat' dir='ltr'><strong>es</strong></span> <span class='ocrx_word' id='word_1_139' title='bbox 1669 1335 1819 1400; x_wconf 90' lang='lat' dir='ltr'><strong>decimas.</strong></span> 
     </span>
     <span class='ocr_line' id='line_1_14' title="bbox 186 1350 1820 1495; baseline 0.002 -21"><span class='ocrx_word' id='word_1_140' title='bbox 186 1415 353 1476; x_wconf 81' lang='lat' dir='ltr'><strong>sessionem</strong></span> <span class='ocrx_word' id='word_1_141' title='bbox 384 1429 420 1474; x_wconf 84' lang='lat' dir='ltr'><strong>ro</strong></span> <span class='ocrx_word' id='word_1_142' title='bbox 435 1414 610 1476; x_wconf 80' lang='lat' dir='ltr'><strong>ministerio</strong></span> <span class='ocrx_word' id='word_1_143' title='bbox 623 1431 684 1494; x_wconf 79' lang='lat' dir='ltr'><strong>qao</strong></span> <span class='ocrx_word' id='word_1_144' title='bbox 697 1411 839 1473; x_wconf 83' lang='lat' dir='ltr'><strong>serviunt</strong></span> <span class='ocrx_word' id='word_1_145' title='bbox 854 1350 931 1472; x_wconf 38' lang='lat' dir='ltr'><strong>miili</strong></span> <span class='ocrx_word' id='word_1_146' title='bbox 945 1411 980 1472; x_wconf 82' lang='lat' dir='ltr'><strong>io</strong></span> <span class='ocrx_word' id='word_1_147' title='bbox 1071 1411 1102 1471; x_wconf 73' lang='lat' dir='ltr'><strong>E.</strong></span> <span class='ocrx_word' id='word_1_148' title='bbox 1124 1413 1281 1476; x_wconf 75' lang='lat' dir='ltr'><strong>Preterea</strong></span> <span class='ocrx_word' id='word_1_149' title='bbox 1293 1457 1301 1486; x_wconf 94' lang='lat'><strong><em>‚</em></strong></span> <span class='ocrx_word' id='word_1_150' title='bbox 1315 1413 1419 1492; x_wconf 79' lang='lat' dir='ltr'><strong>aliqui</strong></span> <span class='ocrx_word' id='word_1_151' title='bbox 1441 1415 1584 1495; x_wconf 74' lang='lat' dir='ltr'><strong>religiosi</strong></span> <span class='ocrx_word' id='word_1_152' title='bbox 1602 1418 1677 1477; x_wconf 86' lang='lat' dir='ltr'><strong>suut</strong></span> <span class='ocrx_word' id='word_1_153' title='bbox 1697 1416 1820 1490; x_wconf 89' lang='lat' dir='ltr'><strong>clerici,</strong></span> 
     </span>
     <span class='ocr_line' id='line_1_15' title="bbox 188 1489 1821 1572; baseline 0.002 -18"><span class='ocrx_word' id='word_1_154' title='bbox 188 1492 319 1555; x_wconf 78' lang='lat' dir='ltr'><strong>taberna</strong></span> <span class='ocrx_word' id='word_1_155' title='bbox 373 1513 402 1554; x_wconf 90' lang='lat' dir='ltr'><strong>o.</strong></span> <span class='ocrx_word' id='word_1_156' title='bbox 421 1491 482 1554; x_wconf 89' lang='lat' dir='ltr'><strong>Sed</strong></span> <span class='ocrx_word' id='word_1_157' title='bbox 495 1493 569 1554; x_wconf 90' lang='lat' dir='ltr'><strong>liliis</strong></span> <span class='ocrx_word' id='word_1_158' title='bbox 584 1492 660 1554; x_wconf 89' lang='lat' dir='ltr'><strong>Levi</strong></span> <span class='ocrx_word' id='word_1_159' title='bbox 679 1491 855 1554; x_wconf 91' lang='lat' dir='ltr'><strong>succedunt</strong></span> <span class='ocrx_word' id='word_1_160' title='bbox 872 1489 980 1552; x_wconf 89' lang='lat' dir='ltr'><strong>clerici</strong></span> <span class='ocrx_word' id='word_1_161' title='bbox 1032 1492 1088 1572; x_wconf 93' lang='lat' dir='ltr'><strong>qui</strong></span> <span class='ocrx_word' id='word_1_162' title='bbox 1103 1495 1211 1554; x_wconf 83' lang='grc' dir='ltr'>ιειιιειι</span> <span class='ocrx_word' id='word_1_163' title='bbox 1230 1494 1381 1554; x_wconf 91' lang='lat' dir='ltr'><strong>tenentur</strong></span> <span class='ocrx_word' id='word_1_164' title='bbox 1405 1492 1483 1556; x_wconf 89' lang='lat' dir='ltr'><strong>dare</strong></span> <span class='ocrx_word' id='word_1_165' title='bbox 1509 1493 1649 1557; x_wconf 90' lang='lat' dir='ltr'><strong>decimas</strong></span> <span class='ocrx_word' id='word_1_166' title='bbox 1669 1495 1821 1558; x_wconf 90' lang='lat' dir='ltr'><strong>Ecclesils</strong></span> 
     </span>
     <span class='ocr_line' id='line_1_16' title="bbox 187 1569 1823 1655; baseline 0.002 -22"><span class='ocrx_word' id='word_1_167' title='bbox 187 1574 325 1636; x_wconf 92' lang='lat' dir='ltr'><strong>innovo</strong></span> <span class='ocrx_word' id='word_1_168' title='bbox 344 1574 560 1636; x_wconf 80' lang='lat' dir='ltr'><strong>Testamenta.</strong></span> <span class='ocrx_word' id='word_1_169' title='bbox 582 1573 668 1652; x_wconf 86' lang='lat' dir='ltr'><strong>Ergo</strong></span> <span class='ocrx_word' id='word_1_170' title='bbox 688 1571 765 1632; x_wconf 89' lang='lat' dir='ltr'><strong>solis</strong></span> <span class='ocrx_word' id='word_1_171' title='bbox 781 1570 905 1632; x_wconf 83' lang='lat' dir='ltr'><strong>clericis</strong></span> <span class='ocrx_word' id='word_1_172' title='bbox 922 1569 981 1632; x_wconf 93' lang='lat' dir='ltr'><strong>de-</strong></span> <span class='ocrx_word' id='word_1_173' title='bbox 1032 1570 1158 1634; x_wconf 88' lang='lat' dir='ltr'><strong>ratione</strong></span> <span class='ocrx_word' id='word_1_174' title='bbox 1170 1570 1362 1650; x_wconf 81' lang='lat' dir='ltr'><strong>praediorum</strong></span> <span class='ocrx_word' id='word_1_175' title='bbox 1383 1591 1455 1652; x_wconf 78' lang='lat' dir='ltr'><strong>quoe</strong></span> <span class='ocrx_word' id='word_1_176' title='bbox 1469 1574 1565 1637; x_wconf 90' lang='lat' dir='ltr'><strong>etiam</strong></span> <span class='ocrx_word' id='word_1_177' title='bbox 1584 1573 1732 1637; x_wconf 90' lang='lat' dir='ltr'><strong>manibus</strong></span> <span class='ocrx_word' id='word_1_178' title='bbox 1748 1592 1823 1655; x_wconf 90' lang='lat' dir='ltr'><strong>pro·</strong></span> 
     </span>
     <span class='ocr_line' id='line_1_17' title="bbox 187 1651 1822 1732; baseline 0.002 -18"><span class='ocrx_word' id='word_1_179' title='bbox 187 1651 279 1715; x_wconf 78' lang='lat' dir='ltr'><strong>cimae</strong></span> <span class='ocrx_word' id='word_1_180' title='bbox 289 1653 456 1714; x_wconf 87' lang='lat' dir='ltr'><strong>debentur.</strong></span> <span class='ocrx_word' id='word_1_181' title='bbox 1032 1651 1111 1729; x_wconf 91' lang='lat' dir='ltr'><strong>prlis</strong></span> <span class='ocrx_word' id='word_1_182' title='bbox 1126 1651 1290 1714; x_wconf 85' lang='lat' dir='ltr'><strong>excolunt.</strong></span> <span class='ocrx_word' id='word_1_183' title='bbox 1304 1652 1349 1712; x_wconf 89' lang='lat' dir='ltr'><strong>Er</strong></span> <span class='ocrx_word' id='word_1_184' title='bbox 1371 1653 1526 1715; x_wconf 88' lang='lat' dir='ltr'><strong>evidetur</strong></span> <span class='ocrx_word' id='word_1_185' title='bbox 1538 1651 1624 1732; x_wconf 82' lang='lat' dir='ltr'><strong>quaa</strong></span> <span class='ocrx_word' id='word_1_186' title='bbox 1638 1653 1745 1717; x_wconf 90' lang='lat' dir='ltr'><strong>clerici</strong></span> <span class='ocrx_word' id='word_1_187' title='bbox 1756 1672 1822 1718; x_wconf 91' lang='lat' dir='ltr'><strong>nou</strong></span> 
     </span>
     <span class='ocr_line' id='line_1_18' title="bbox 227 1671 1691 1811; baseline 0.002 -21"><span class='ocrx_word' id='word_1_188' title='bbox 227 1731 414 1811; x_wconf 81' lang='lat' dir='ltr'><strong>Respondeo</strong></span> <span class='ocrx_word' id='word_1_189' title='bbox 435 1731 604 1794; x_wconf 88' lang='lat' dir='ltr'><strong>dicendum</strong></span> <span class='ocrx_word' id='word_1_190' title='bbox 623 1729 710 1811; x_wconf 86' lang='lat' dir='ltr'><strong>qubd</strong></span> <span class='ocrx_word' id='word_1_191' title='bbox 731 1730 818 1792; x_wconf 86' lang='lat' dir='ltr'><strong>circa</strong></span> <span class='ocrx_word' id='word_1_192' title='bbox 841 1729 979 1791; x_wconf 87' lang='lat' dir='ltr'><strong>decimas</strong></span> <span class='ocrx_word' id='word_1_193' title='bbox 1032 1731 1096 1791; x_wconf 91' lang='lat' dir='ltr'><strong>sint</strong></span> <span class='ocrx_word' id='word_1_194' title='bbox 1109 1731 1267 1794; x_wconf 91' lang='lat' dir='ltr'><strong>immunes</strong></span> <span class='ocrx_word' id='word_1_195' title='bbox 1282 1671 1691 1796; x_wconf 54' lang='lat' dir='ltr'><strong>seclusionedseimarum.</strong></span> 
     </span>
     <span class='ocr_line' id='line_1_19' title="bbox 186 1808 1823 1907; baseline 0.002 -35"><span class='ocrx_word' id='word_1_196' title='bbox 186 1811 254 1906; x_wconf 68' lang='lat' dir='ltr'><strong>duc</strong></span> <span class='ocrx_word' id='word_1_197' title='bbox 280 1813 363 1906; x_wconf 37' lang='lat' dir='ltr'><strong>&#39;sunt&#39;</strong></span> <span class='ocrx_word' id='word_1_198' title='bbox 377 1809 610 1906; x_wconf 76' lang='lat' dir='ltr'><strong>consideranda</strong></span> <span class='ocrx_word' id='word_1_199' title='bbox 626 1829 633 1870; x_wconf 75' lang='grc' dir='ltr'><strong>ι</strong></span> <span class='ocrx_word' id='word_1_200' title='bbox 650 1810 771 1872; x_wconf 87' lang='lat' dir='ltr'><strong>scilicet</strong></span> <span class='ocrx_word' id='word_1_201' title='bbox 789 1811 896 1888; x_wconf 88' lang='lat' dir='ltr'><strong>ipsum</strong></span> <span class='ocrx_word' id='word_1_202' title='bbox 927 1809 979 1903; x_wconf 83' lang='lat' dir='ltr'><strong>jus</strong></span> <span class='ocrx_word' id='word_1_203' title='bbox 1073 1808 1103 1870; x_wconf 81' lang='lat' dir='ltr'><strong>a.</strong></span> <span class='ocrx_word' id='word_1_204' title='bbox 1132 1810 1313 1904; x_wconf 75' lang='lat' dir='ltr'><strong>Praeterea,</strong></span> <span class='ocrx_word' id='word_1_205' title='bbox 1343 1811 1426 1872; x_wconf 90' lang='lat' dir='ltr'><strong>sieut</strong></span> <span class='ocrx_word' id='word_1_206' title='bbox 1447 1811 1541 1906; x_wconf 59' lang='lat' dir='ltr'><strong>Num:</strong></span> <span class='ocrx_word' id='word_1_207' title='bbox 1572 1810 1611 1873; x_wconf 88' lang='lat'><strong>18</strong></span> <span class='ocrx_word' id='word_1_208' title='bbox 1638 1813 1823 1907; x_wconf 76' lang='lat' dir='ltr'><strong>praecipitur</strong></span> 
     </span>
     <span class='ocr_line' id='line_1_20' title="bbox 187 1887 1822 2050; baseline 0.002 -18"><span class='ocrx_word' id='word_1_209' title='bbox 187 1889 981 2049; x_wconf 61' lang='lat' dir='ltr'><strong>solstitialia.’.itiiitililtili}</strong></span> <span class='ocrx_word' id='word_1_210' title='bbox 1033 1887 1822 2050; x_wconf 63' lang='lat' dir='ltr'><strong>tituliit.i,lal¹¹lal⁰i¹.t³t.iiililli</strong></span> 
     </span>
     <span class='ocr_line' id='line_1_21' title="bbox 189 2047 1825 2130; baseline 0.001 -18"><span class='ocrx_word' id='word_1_211' title='bbox 189 2049 358 2130; x_wconf 86' lang='lat' dir='ltr'><strong>spirituale</strong></span> <span class='ocrx_word' id='word_1_212' title='bbox 372 2053 441 2124; x_wconf 87' lang='lat' dir='ltr'><strong>est,</strong></span> <span class='ocrx_word' id='word_1_213' title='bbox 457 2049 668 2128; x_wconf 84' lang='lat' dir='ltr'><strong>consequitur</strong></span> <span class='ocrx_word' id='word_1_214' title='bbox 681 2051 767 2110; x_wconf 90' lang='lat' dir='ltr'><strong>enim</strong></span> <span class='ocrx_word' id='word_1_215' title='bbox 789 2047 867 2108; x_wconf 93' lang='lat' dir='ltr'><strong>illud</strong></span> <span class='ocrx_word' id='word_1_216' title='bbox 886 2047 981 2109; x_wconf 92' lang='lat' dir='ltr'><strong>debi-</strong></span> <span class='ocrx_word' id='word_1_217' title='bbox 1034 2064 1160 2109; x_wconf 87' lang='lat' dir='ltr'><strong>summo</strong></span> <span class='ocrx_word' id='word_1_218' title='bbox 1175 2049 1342 2110; x_wconf 83' lang='lat' dir='ltr'><strong>sacerdoti.</strong></span> <span class='ocrx_word' id='word_1_219' title='bbox 1359 2050 1445 2130; x_wconf 87' lang='lat' dir='ltr'><strong>Ergo</strong></span> <span class='ocrx_word' id='word_1_220' title='bbox 1462 2048 1664 2128; x_wconf 82' lang='lat' dir='ltr'><strong>qudratione</strong></span> <span class='ocrx_word' id='word_1_221' title='bbox 1677 2049 1751 2113; x_wconf 90' lang='lat' dir='ltr'><strong>laici</strong></span> <span class='ocrx_word' id='word_1_222' title='bbox 1764 2051 1825 2114; x_wconf 87' lang='lat' dir='ltr'><strong>de-</strong></span> 
     </span>
     <span class='ocr_line' id='line_1_22' title="bbox 187 2127 1869 2207; baseline 0.002 -16"><span class='ocrx_word' id='word_1_223' title='bbox 187 2134 256 2191; x_wconf 89' lang='lat' dir='ltr'><strong>tum</strong></span> <span class='ocrx_word' id='word_1_224' title='bbox 277 2146 343 2207; x_wconf 94' lang='lat' dir='ltr'><strong>quo</strong></span> <span class='ocrx_word' id='word_1_225' title='bbox 364 2129 519 2192; x_wconf 89' lang='lat' dir='ltr'><strong>ministris</strong></span> <span class='ocrx_word' id='word_1_226' title='bbox 534 2127 645 2192; x_wconf 88' lang='lat' dir='ltr'><strong>altaris</strong></span> <span class='ocrx_word' id='word_1_227' title='bbox 662 2127 818 2190; x_wconf 88' lang='lat' dir='ltr'><strong>debentur</strong></span> <span class='ocrx_word' id='word_1_228' title='bbox 834 2130 980 2205; x_wconf 86' lang='lat' dir='ltr'><strong>sumptus</strong></span> <span class='ocrx_word' id='word_1_229' title='bbox 1034 2127 1111 2188; x_wconf 89' lang='lat' dir='ltr'><strong>bent</strong></span> <span class='ocrx_word' id='word_1_230' title='bbox 1135 2127 1211 2190; x_wconf 90' lang='lat' dir='ltr'><strong>dare</strong></span> <span class='ocrx_word' id='word_1_231' title='bbox 1234 2128 1373 2192; x_wconf 86' lang='lat' dir='ltr'><strong>decimas</strong></span> <span class='ocrx_word' id='word_1_232' title='bbox 1398 2129 1543 2204; x_wconf 87' lang='lat' dir='ltr'><strong>clericis,</strong></span> <span class='ocrx_word' id='word_1_233' title='bbox 1564 2129 1674 2192; x_wconf 76' lang='lat' dir='ltr'><strong>eadem</strong></span> <span class='ocrx_word' id='word_1_234' title='bbox 1697 2131 1833 2194; x_wconf 89' lang='lat' dir='ltr'><strong>ratione·</strong></span> <span class='ocrx_word' id='word_1_235' title='bbox 1861 2189 1869 2198; x_wconf 85' lang='grc'><strong>.</strong></span> 
     </span>
     <span class='ocr_line' id='line_1_23' title="bbox 188 2204 1822 2289; baseline 0 -19"><span class='ocrx_word' id='word_1_236' title='bbox 188 2209 227 2270; x_wconf 91' lang='lat' dir='ltr'><strong>de</strong></span> <span class='ocrx_word' id='word_1_237' title='bbox 236 2209 426 2284; x_wconf 88' lang='lat' dir='ltr'><strong>ministerio,</strong></span> <span class='ocrx_word' id='word_1_238' title='bbox 438 2213 543 2289; x_wconf 90' lang='lat' dir='ltr'><strong>etquo</strong></span> <span class='ocrx_word' id='word_1_239' title='bbox 553 2207 787 2270; x_wconf 87' lang='lat' dir='ltr'><strong>seminantibus</strong></span> <span class='ocrx_word' id='word_1_240' title='bbox 801 2207 982 2286; x_wconf 84' lang='lat' dir='ltr'><strong>spiritualia</strong></span> <span class='ocrx_word' id='word_1_241' title='bbox 1034 2205 1140 2269; x_wconf 90' lang='lat' dir='ltr'><strong>clerici</strong></span> <span class='ocrx_word' id='word_1_242' title='bbox 1153 2204 1270 2269; x_wconf 89' lang='lat' dir='ltr'><strong>debent</strong></span> <span class='ocrx_word' id='word_1_243' title='bbox 1281 2208 1357 2270; x_wconf 91' lang='lat' dir='ltr'><strong>dare</strong></span> <span class='ocrx_word' id='word_1_244' title='bbox 1373 2207 1512 2270; x_wconf 91' lang='lat' dir='ltr'><strong>decimas</strong></span> <span class='ocrx_word' id='word_1_245' title='bbox 1526 2226 1651 2271; x_wconf 89' lang='lat' dir='ltr'><strong>summo</strong></span> <span class='ocrx_word' id='word_1_246' title='bbox 1669 2209 1822 2288; x_wconf 83' lang='lat' dir='ltr'><strong>pontifici.</strong></span> 
     </span>
     <span class='ocr_line' id='line_1_24' title="bbox 189 2283 1824 2368; baseline 0.001 -19"><span class='ocrx_word' id='word_1_247' title='bbox 189 2287 347 2351; x_wconf 87' lang='lat' dir='ltr'><strong>debentur</strong></span> <span class='ocrx_word' id='word_1_248' title='bbox 358 2289 568 2368; x_wconf 88' lang='lat' dir='ltr'><strong>temporalia;</strong></span> <span class='ocrx_word' id='word_1_249' title='bbox 584 2287 671 2366; x_wconf 91' lang='lat' dir='ltr'><strong>quod</strong></span> <span class='ocrx_word' id='word_1_250' title='bbox 686 2287 726 2348; x_wconf 89' lang='lat' dir='ltr'><strong>ad</strong></span> <span class='ocrx_word' id='word_1_251' title='bbox 747 2287 832 2348; x_wconf 91' lang='lat' dir='ltr'><strong>solos</strong></span> <span class='ocrx_word' id='word_1_252' title='bbox 847 2285 980 2348; x_wconf 89' lang='lat' dir='ltr'><strong>clericos</strong></span> <span class='ocrx_word' id='word_1_253' title='bbox 1072 2283 1103 2346; x_wconf 82' lang='lat' dir='ltr'><strong>b.</strong></span> <span class='ocrx_word' id='word_1_254' title='bbox 1125 2287 1303 2362; x_wconf 78' lang='lat' dir='ltr'><strong>Preterea,</strong></span> <span class='ocrx_word' id='word_1_255' title='bbox 1321 2290 1404 2350; x_wconf 91' lang='lat' dir='ltr'><strong>sicut</strong></span> <span class='ocrx_word' id='word_1_256' title='bbox 1423 2287 1552 2350; x_wconf 83' lang='lat' dir='ltr'><strong>decime</strong></span> <span class='ocrx_word' id='word_1_257' title='bbox 1574 2288 1691 2350; x_wconf 89' lang='lat' dir='ltr'><strong>debent</strong></span> <span class='ocrx_word' id='word_1_258' title='bbox 1711 2288 1824 2352; x_wconf 89' lang='lat' dir='ltr'><strong>cedere</strong></span> 
     </span>
     <span class='ocr_line' id='line_1_25' title="bbox 189 2364 1824 2448; baseline 0 -18"><span class='ocrx_word' id='word_1_259' title='bbox 189 2369 329 2448; x_wconf 91' lang='lat' dir='ltr'><strong>pertinet</strong></span> <span class='ocrx_word' id='word_1_260' title='bbox 350 2369 504 2432; x_wconf 90' lang='lat' dir='ltr'><strong>babentes</strong></span> <span class='ocrx_word' id='word_1_261' title='bbox 520 2383 631 2431; x_wconf 88' lang='lat' dir='ltr'><strong>curam</strong></span> <span class='ocrx_word' id='word_1_262' title='bbox 649 2367 848 2440; x_wconf 72' lang='lat' dir='ltr'><strong>animarum</strong></span> <span class='ocrx_word' id='word_1_263' title='bbox 865 2369 896 2427; x_wconf 93' lang='lat' dir='ltr'><strong>et</strong></span> <span class='ocrx_word' id='word_1_264' title='bbox 910 2364 981 2427; x_wconf 87' lang='lat' dir='ltr'><strong>ided</strong></span> <span class='ocrx_word' id='word_1_265' title='bbox 1033 2365 1067 2426; x_wconf 94' lang='lat' dir='ltr'><strong>in</strong></span> <span class='ocrx_word' id='word_1_266' title='bbox 1083 2367 1350 2429; x_wconf 86' lang='lat' dir='ltr'><strong>sustentationem</strong></span> <span class='ocrx_word' id='word_1_267' title='bbox 1372 2368 1583 2442; x_wconf 83' lang='lat' dir='ltr'><strong>clericorum3</strong></span> <span class='ocrx_word' id='word_1_268' title='bbox 1597 2369 1642 2430; x_wconf 89' lang='lat' dir='ltr'><strong>ita</strong></span> <span class='ocrx_word' id='word_1_269' title='bbox 1654 2367 1750 2429; x_wconf 89' lang='lat' dir='ltr'><strong>etiam</strong></span> <span class='ocrx_word' id='word_1_270' title='bbox 1765 2368 1824 2430; x_wconf 91' lang='lat' dir='ltr'><strong>de-</strong></span> 
     </span>
     <span class='ocr_line' id='line_1_26' title="bbox 190 2445 1824 2527; baseline 0.001 -17"><span class='ocrx_word' id='word_1_271' title='bbox 190 2449 236 2510; x_wconf 91' lang='lat' dir='ltr'><strong>cis</strong></span> <span class='ocrx_word' id='word_1_272' title='bbox 250 2447 329 2510; x_wconf 89' lang='lat' dir='ltr'><strong>solis</strong></span> <span class='ocrx_word' id='word_1_273' title='bbox 345 2449 495 2527; x_wconf 90' lang='lat' dir='ltr'><strong>competit</strong></span> <span class='ocrx_word' id='word_1_274' title='bbox 504 2448 566 2509; x_wconf 91' lang='lat' dir='ltr'><strong>boc</strong></span> <span class='ocrx_word' id='word_1_275' title='bbox 574 2446 627 2525; x_wconf 86' lang='lat' dir='ltr'><strong>jus</strong></span> <span class='ocrx_word' id='word_1_276' title='bbox 641 2445 771 2508; x_wconf 89' lang='lat' dir='ltr'><strong>babere.</strong></span> <span class='ocrx_word' id='word_1_277' title='bbox 1034 2445 1111 2506; x_wconf 90' lang='lat' dir='ltr'><strong>bent</strong></span> <span class='ocrx_word' id='word_1_278' title='bbox 1130 2445 1241 2508; x_wconf 87' lang='lat' dir='ltr'><strong>cedere</strong></span> <span class='ocrx_word' id='word_1_279' title='bbox 1263 2447 1297 2506; x_wconf 91' lang='lat' dir='ltr'><strong>in</strong></span> <span class='ocrx_word' id='word_1_280' title='bbox 1315 2447 1561 2508; x_wconf 88' lang='lat' dir='ltr'><strong>subventionem</strong></span> <span class='ocrx_word' id='word_1_281' title='bbox 1585 2463 1777 2526; x_wconf 88' lang='lat' dir='ltr'><strong>pauperum.</strong></span> <span class='ocrx_word' id='word_1_282' title='bbox 1792 2446 1824 2512; x_wconf 88' lang='lat' dir='ltr'><strong>Si</strong></span> 
     </span>
     <span class='ocr_line' id='line_1_27' title="bbox 229 2522 1824 2608; baseline 0.001 -20"><span class='ocrx_word' id='word_1_283' title='bbox 229 2528 290 2589; x_wconf 88' lang='lat' dir='ltr'><strong>llcs</strong></span> <span class='ocrx_word' id='word_1_284' title='bbox 303 2522 980 2608; x_wconf 79' lang='lat' dir='ltr'><strong>cutemqusnominedecimammdantur,</strong></span> <span class='ocrx_word' id='word_1_285' title='bbox 1034 2541 1111 2604; x_wconf 87' lang='lat' dir='ltr'><strong>ergo</strong></span> <span class='ocrx_word' id='word_1_286' title='bbox 1131 2524 1238 2586; x_wconf 88' lang='lat' dir='ltr'><strong>clerici</strong></span> <span class='ocrx_word' id='word_1_287' title='bbox 1258 2523 1488 2589; x_wconf 79' lang='lat' dir='ltr'><strong>excusanturd</strong></span> <span class='ocrx_word' id='word_1_288' title='bbox 1505 2526 1665 2588; x_wconf 90' lang='lat' dir='ltr'><strong>solutione</strong></span> <span class='ocrx_word' id='word_1_289' title='bbox 1684 2526 1824 2590; x_wconf 82' lang='lat' dir='ltr'><strong>decima-</strong></span> 
     </span>
     <span class='ocr_line' id='line_1_28' title="bbox 190 2603 1822 2686; baseline -0.001 -17"><span class='ocrx_word' id='word_1_290' title='bbox 190 2606 374 2686; x_wconf 88' lang='lat' dir='ltr'><strong>corporales</strong></span> <span class='ocrx_word' id='word_1_291' title='bbox 388 2610 480 2682; x_wconf 81' lang='lat' dir='ltr'><strong>sunt3</strong></span> <span class='ocrx_word' id='word_1_292' title='bbox 494 2603 581 2668; x_wconf 90' lang='lat' dir='ltr'><strong>unde</strong></span> <span class='ocrx_word' id='word_1_293' title='bbox 591 2607 729 2684; x_wconf 88' lang='lat' dir='ltr'><strong>possunt</strong></span> <span class='ocrx_word' id='word_1_294' title='bbox 742 2604 775 2664; x_wconf 93' lang='lat' dir='ltr'><strong>in</strong></span> <span class='ocrx_word' id='word_1_295' title='bbox 790 2620 886 2664; x_wconf 88' lang='lat' dir='ltr'><strong>usum</strong></span> <span class='ocrx_word' id='word_1_296' title='bbox 900 2621 982 2682; x_wconf 91' lang='lat' dir='ltr'><strong>qno·</strong></span> <span class='ocrx_word' id='word_1_297' title='bbox 1034 2621 1127 2678; x_wconf 90' lang='lat' dir='ltr'><strong>rum,</strong></span> <span class='ocrx_word' id='word_1_298' title='bbox 1143 2603 1214 2682; x_wconf 87' lang='lat' dir='ltr'><strong>pari</strong></span> <span class='ocrx_word' id='word_1_299' title='bbox 1237 2605 1364 2668; x_wconf 89' lang='lat' dir='ltr'><strong>ratione</strong></span> <span class='ocrx_word' id='word_1_300' title='bbox 1387 2609 1587 2668; x_wconf 85' lang='lat' dir='ltr'><strong>excusantur</strong></span> <span class='ocrx_word' id='word_1_301' title='bbox 1601 2610 1632 2668; x_wconf 91' lang='lat' dir='ltr'><strong>et</strong></span> <span class='ocrx_word' id='word_1_302' title='bbox 1649 2623 1822 2685; x_wconf 87' lang='lat' dir='ltr'><strong>pauperes.</strong></span> 
     </span>
     <span class='ocr_line' id='line_1_29' title="bbox 190 2682 1732 2782; baseline -0.001 -37"><span class='ocrx_word' id='word_1_303' title='bbox 190 2687 341 2748; x_wconf 89' lang='lat' dir='ltr'><strong>rumlibct</strong></span> <span class='ocrx_word' id='word_1_304' title='bbox 354 2685 485 2782; x_wconf 75' lang='lat' dir='ltr'><strong>venire3</strong></span> <span class='ocrx_word' id='word_1_305' title='bbox 499 2689 532 2748; x_wconf 92' lang='lat' dir='ltr'><strong>et</strong></span> <span class='ocrx_word' id='word_1_306' title='bbox 542 2685 590 2747; x_wconf 92' lang='lat' dir='ltr'><strong>sic</strong></span> <span class='ocrx_word' id='word_1_307' title='bbox 601 2686 739 2764; x_wconf 88' lang='lat' dir='ltr'><strong>possunt</strong></span> <span class='ocrx_word' id='word_1_308' title='bbox 752 2683 850 2745; x_wconf 90' lang='lat' dir='ltr'><strong>etiam</strong></span> <span class='ocrx_word' id='word_1_309' title='bbox 864 2682 904 2745; x_wconf 87' lang='lat' dir='ltr'><strong>ad</strong></span> <span class='ocrx_word' id='word_1_310' title='bbox 919 2683 984 2744; x_wconf 89' lang='lat' dir='ltr'><strong>lai·</strong></span> <span class='ocrx_word' id='word_1_311' title='bbox 1034 2683 1104 2745; x_wconf 85' lang='lat' dir='ltr'><strong>lloc</strong></span> <span class='ocrx_word' id='word_1_312' title='bbox 1118 2687 1225 2746; x_wconf 89' lang='lat' dir='ltr'><strong>autem</strong></span> <span class='ocrx_word' id='word_1_313' title='bbox 1239 2685 1288 2746; x_wconf 92' lang='lat' dir='ltr'><strong>est</strong></span> <span class='ocrx_word' id='word_1_314' title='bbox 1298 2683 1424 2746; x_wconf 87' lang='lat' dir='ltr'><strong>laisum.</strong></span> <span class='ocrx_word' id='word_1_315' title='bbox 1438 2684 1567 2778; x_wconf 29' lang='lat' dir='ltr'><strong>Ergouet</strong></span> <span class='ocrx_word' id='word_1_316' title='bbox 1580 2685 1732 2778; x_wconf 80' lang='lat' dir='ltr'><strong>primum.</strong></span> 
     </span>
     <span class='ocr_line' id='line_1_30' title="bbox 192 2763 1825 2924; baseline -0.001 -18"><span class='ocrx_word' id='word_1_317' title='bbox 192 2781 526 2924; x_wconf 47' lang='lat' dir='ltr'><strong>cosdgelrviffiluffi&#39;ergo</strong></span> <span class='ocrx_word' id='word_1_318' title='bbox 543 2842 713 2906; x_wconf 91' lang='lat' dir='ltr'><strong>dicendum</strong></span> <span class='ocrx_word' id='word_1_319' title='bbox 730 2840 815 2921; x_wconf 90' lang='lat' dir='ltr'><strong>qubd</strong></span> <span class='ocrx_word' id='word_1_320' title='bbox 834 2841 868 2903; x_wconf 91' lang='lat' dir='ltr'><strong>in</strong></span> <span class='ocrx_word' id='word_1_321' title='bbox 881 2841 982 2903; x_wconf 86' lang='lat' dir='ltr'><strong>veteri</strong></span> <span class='ocrx_word' id='word_1_322' title='bbox 1036 2763 1825 2924; x_wconf 48' lang='grc' dir='ltr'>εειῗὲῗιιειῗιρίὲἓωθῗιιιῖἓὲἀιιξέιιξ.Βεθρξιΐέιωειῗιιιῗιαί</span> 
     </span>
    </p>
   </div>
   <div class='ocr_carea' id='block_1_3' title="bbox 190 2920 1825 3084">
    <p class='ocr_par' dir='ltr' id='par_1_3' title="bbox 190 2920 1825 3084">
     <span class='ocr_line' id='line_1_31' title="bbox 190 2920 1825 3003; baseline 0.001 -19"><span class='ocrx_word' id='word_1_323' title='bbox 190 2923 202 2984; x_wconf 98' lang='lat' dir='ltr'><strong>l</strong></span> <span class='ocrx_word' id='word_1_324' title='bbox 243 2943 281 2999; x_wconf 91' lang='lat' dir='ltr'><strong>e,</strong></span> <span class='ocrx_word' id='word_1_325' title='bbox 309 2925 393 2987; x_wconf 87' lang='lat' dir='ltr'><strong>sicut</strong></span> <span class='ocrx_word' id='word_1_326' title='bbox 415 2925 533 2988; x_wconf 90' lang='lat' dir='ltr'><strong>dictum</strong></span> <span class='ocrx_word' id='word_1_327' title='bbox 564 2926 612 2986; x_wconf 93' lang='lat' dir='ltr'><strong>est</strong></span> <span class='ocrx_word' id='word_1_328' title='bbox 646 2925 706 2984; x_wconf 90' lang='lat' dir='ltr'><strong>art.</strong></span> <span class='ocrx_word' id='word_1_329' title='bbox 725 2922 742 2982; x_wconf 91' lang='lat'>1</span> <span class='ocrx_word' id='word_1_330' title='bbox 764 2920 832 3000; x_wconf 87' lang='lat' dir='ltr'><strong>huj.</strong></span> <span class='ocrx_word' id='word_1_331' title='bbox 850 2926 981 3000; x_wconf 76' lang='lat' dir='ltr'><strong>quast,</strong></span> <span class='ocrx_word' id='word_1_332' title='bbox 1036 2926 1111 2982; x_wconf 92' lang='lat' dir='ltr'><strong>tom.</strong></span> <span class='ocrx_word' id='word_1_333' title='bbox 1129 2922 1166 2982; x_wconf 92' lang='lat'><strong>10</strong></span> <span class='ocrx_word' id='word_1_334' title='bbox 1187 2921 1322 2996; x_wconf 83' lang='lat' dir='ltr'><strong>Concil,</strong></span> <span class='ocrx_word' id='word_1_335' title='bbox 1343 2927 1374 2986; x_wconf 93' lang='lat' dir='ltr'><strong>et</strong></span> <span class='ocrx_word' id='word_1_336' title='bbox 1395 2922 1533 2985; x_wconf 88' lang='lat' dir='ltr'><strong>babetur</strong></span> <span class='ocrx_word' id='word_1_337' title='bbox 1544 2939 1615 3003; x_wconf 92' lang='lat' dir='ltr'><strong>cap.</strong></span> <span class='ocrx_word' id='word_1_338' title='bbox 1634 2923 1655 2982; x_wconf 65' lang='lat' dir='ltr'><strong>*l</strong></span> <span class='ocrx_word' id='word_1_339' title='bbox 1675 2923 1713 2985; x_wconf 93' lang='lat' dir='ltr'><strong>dc</strong></span> <span class='ocrx_word' id='word_1_340' title='bbox 1730 2924 1825 2986; x_wconf 80' lang='lat' dir='ltr'><strong>Deci-</strong></span> 
     </span>
     <span class='ocr_line' id='line_1_32' title="bbox 191 2999 1824 3084; baseline -0.001 -18"><span class='ocrx_word' id='word_1_341' title='bbox 191 3019 211 3066; x_wconf 88' lang='lat' dir='ltr'><strong>a</strong></span> <span class='ocrx_word' id='word_1_342' title='bbox 242 3000 273 3080; x_wconf 78' lang='lat' dir='ltr'><strong>b,</strong></span> <span class='ocrx_word' id='word_1_343' title='bbox 285 3003 440 3084; x_wconf 86' lang='lat' dir='ltr'><strong>speciales</strong></span> <span class='ocrx_word' id='word_1_344' title='bbox 451 2999 984 3084; x_wconf 76' lang='lat' dir='ltr'><strong>quedamdectmaedeputabantur</strong></span> <span class='ocrx_word' id='word_1_345' title='bbox 1035 3002 1108 3074; x_wconf 89' lang='lat' dir='ltr'><strong>mis,</strong></span> <span class='ocrx_word' id='word_1_346' title='bbox 1122 3001 1197 3080; x_wconf 85' lang='lat' dir='ltr'><strong>etc.)</strong></span> <span class='ocrx_word' id='word_1_347' title='bbox 1212 3021 1219 3060; x_wconf 75' lang='lat' dir='ltr'><strong>t</strong></span> <span class='ocrx_word' id='word_1_348' title='bbox 1234 3001 1268 3065; x_wconf 87' lang='lat' dir='ltr'><em>N</em></span> <span class='ocrx_word' id='word_1_349' title='bbox 1269 3020 1360 3064; x_wconf 84' lang='lat' dir='ltr'><strong>ccam</strong></span> <span class='ocrx_word' id='word_1_350' title='bbox 1369 3021 1465 3081; x_wconf 80' lang='lat' dir='ltr'><strong>penus</strong></span> <span class='ocrx_word' id='word_1_351' title='bbox 1478 3003 1654 3064; x_wconf 74' lang='lat' dir='ltr'><strong>exactionis</strong></span> <span class='ocrx_word' id='word_1_352' title='bbox 1665 3011 1709 3064; x_wconf 84' lang='lat' dir='ltr'><strong>est</strong></span> <span class='ocrx_word' id='word_1_353' title='bbox 1718 3011 1756 3064; x_wconf 80' lang='lat' dir='ltr'><strong>stt</strong></span> <span class='ocrx_word' id='word_1_354' title='bbox 1766 3003 1824 3065; x_wconf 75' lang='lat' dir='ltr'><strong>cle·</strong></span> 
     </span>
    </p>
   </div>
   <div class='ocr_carea' id='block_1_4' title="bbox 191 3078 1846 3794">
    <p class='ocr_par' dir='ltr' id='par_1_4' title="bbox 192 3078 1573 3163">
     <span class='ocr_line' id='line_1_33' title="bbox 192 3078 1573 3163; baseline -0.001 -19"><span class='ocrx_word' id='word_1_355' title='bbox 192 3083 396 3146; x_wconf 87' lang='lat' dir='ltr'><strong>subventioni</strong></span> <span class='ocrx_word' id='word_1_356' title='bbox 409 3101 600 3163; x_wconf 89' lang='lat' dir='ltr'><strong>pauperum.</strong></span> <span class='ocrx_word' id='word_1_357' title='bbox 614 3081 674 3144; x_wconf 89' lang='lat' dir='ltr'><strong>Sed</strong></span> <span class='ocrx_word' id='word_1_358' title='bbox 688 3081 722 3142; x_wconf 94' lang='lat' dir='ltr'><strong>in</strong></span> <span class='ocrx_word' id='word_1_359' title='bbox 737 3078 822 3142; x_wconf 75' lang='lat' dir='ltr'><strong>nova</strong></span> <span class='ocrx_word' id='word_1_360' title='bbox 837 3080 907 3160; x_wconf 91' lang='lat' dir='ltr'><strong>lege</strong></span> <span class='ocrx_word' id='word_1_361' title='bbox 922 3080 984 3142; x_wconf 88' lang='lat' dir='ltr'><strong>de-</strong></span> <span class='ocrx_word' id='word_1_362' title='bbox 1035 3079 1098 3142; x_wconf 86' lang='lat' dir='ltr'><strong>rici</strong></span> <span class='ocrx_word' id='word_1_363' title='bbox 1111 3079 1130 3140; x_wconf 89' lang='lat' dir='ltr'><strong>d</strong></span> <span class='ocrx_word' id='word_1_364' title='bbox 1149 3081 1272 3142; x_wconf 81' lang='lat' dir='ltr'><strong>clericis</strong></span> <span class='ocrx_word' id='word_1_365' title='bbox 1287 3081 1419 3143; x_wconf 85' lang='lat' dir='ltr'><strong>decimas</strong></span> <span class='ocrx_word' id='word_1_366' title='bbox 1434 3083 1573 3162; x_wconf 75' lang='lat' dir='ltr'><strong>eeipcot.</strong></span> 
     </span>
    </p>

    <p class='ocr_par' dir='ltr' id='par_1_5' title="bbox 192 3157 1826 3256">
     <span class='ocr_line' id='line_1_34' title="bbox 192 3157 1826 3256; baseline 0.002 -33"><span class='ocrx_word' id='word_1_367' title='bbox 192 3163 282 3224; x_wconf 77' lang='lat' dir='ltr'><strong>cimae</strong></span> <span class='ocrx_word' id='word_1_368' title='bbox 292 3163 411 3224; x_wconf 89' lang='lat' dir='ltr'><strong>dantur</strong></span> <span class='ocrx_word' id='word_1_369' title='bbox 430 3161 574 3235; x_wconf 87' lang='lat' dir='ltr'><strong>clericis,</strong></span> <span class='ocrx_word' id='word_1_370' title='bbox 587 3177 652 3222; x_wconf 91' lang='lat' dir='ltr'><strong>non</strong></span> <span class='ocrx_word' id='word_1_371' title='bbox 668 3157 774 3221; x_wconf 78' lang='lat' dir='ltr'><strong>solum</strong></span> <span class='ocrx_word' id='word_1_372' title='bbox 785 3167 917 3239; x_wconf 88' lang='lat' dir='ltr'><strong>propter</strong></span> <span class='ocrx_word' id='word_1_373' title='bbox 931 3159 982 3221; x_wconf 91' lang='lat' dir='ltr'><strong>sul</strong></span> <span class='ocrx_word' id='word_1_374' title='bbox 1074 3160 1263 3239; x_wconf 85' lang='lat' dir='ltr'><strong>Respondeo</strong></span> <span class='ocrx_word' id='word_1_375' title='bbox 1274 3159 1443 3224; x_wconf 90' lang='lat' dir='ltr'><strong>dicendum</strong></span> <span class='ocrx_word' id='word_1_376' title='bbox 1452 3162 1537 3256; x_wconf 88' lang='lat' dir='ltr'><strong>qudd</strong></span> <span class='ocrx_word' id='word_1_377' title='bbox 1549 3162 1631 3223; x_wconf 89' lang='lat' dir='ltr'><strong>idem</strong></span> <span class='ocrx_word' id='word_1_378' title='bbox 1645 3178 1710 3224; x_wconf 91' lang='lat' dir='ltr'><strong>non</strong></span> <span class='ocrx_word' id='word_1_379' title='bbox 1723 3165 1826 3241; x_wconf 89' lang='lat' dir='ltr'><strong>potest</strong></span> 
     </span>
    </p>

    <p class='ocr_par' dir='ltr' id='par_1_6' title="bbox 192 3238 1826 3318">
     <span class='ocr_line' id='line_1_35' title="bbox 192 3238 1826 3318; baseline 0.002 -14"><span class='ocrx_word' id='word_1_380' title='bbox 192 3241 478 3316; x_wconf 85' lang='lat' dir='ltr'><strong>sustentationem,</strong></span> <span class='ocrx_word' id='word_1_381' title='bbox 494 3241 549 3304; x_wconf 89' lang='lat' dir='ltr'><strong>sed</strong></span> <span class='ocrx_word' id='word_1_382' title='bbox 570 3242 668 3303; x_wconf 90' lang='lat' dir='ltr'><strong>etiam</strong></span> <span class='ocrx_word' id='word_1_383' title='bbox 684 3245 720 3301; x_wconf 89' lang='lat' dir='ltr'><strong>ut</strong></span> <span class='ocrx_word' id='word_1_384' title='bbox 740 3257 782 3300; x_wconf 86' lang='lat' dir='ltr'><strong>ex</strong></span> <span class='ocrx_word' id='word_1_385' title='bbox 800 3240 847 3300; x_wconf 88' lang='lat' dir='ltr'><strong>eis</strong></span> <span class='ocrx_word' id='word_1_386' title='bbox 867 3241 984 3300; x_wconf 92' lang='lat' dir='ltr'><strong>subve·</strong></span> <span class='ocrx_word' id='word_1_387' title='bbox 1035 3255 1106 3300; x_wconf 91' lang='lat' dir='ltr'><strong>esse</strong></span> <span class='ocrx_word' id='word_1_388' title='bbox 1117 3255 1215 3302; x_wconf 87' lang='lat' dir='ltr'><strong>causa</strong></span> <span class='ocrx_word' id='word_1_389' title='bbox 1224 3238 1319 3302; x_wconf 91' lang='lat' dir='ltr'><strong>dandi</strong></span> <span class='ocrx_word' id='word_1_390' title='bbox 1333 3239 1555 3318; x_wconf 89' lang='lat' dir='ltr'><strong>etreciprendi,</strong></span> <span class='ocrx_word' id='word_1_391' title='bbox 1568 3241 1651 3303; x_wconf 87' lang='lat' dir='ltr'><strong>sicut</strong></span> <span class='ocrx_word' id='word_1_392' title='bbox 1660 3259 1719 3302; x_wconf 90' lang='lat' dir='ltr'><strong>uec</strong></span> <span class='ocrx_word' id='word_1_393' title='bbox 1728 3258 1826 3308; x_wconf 86' lang='lat' dir='ltr'><strong>causa</strong></span> 
     </span>
    </p>

    <p class='ocr_par' dir='ltr' id='par_1_7' title="bbox 191 3317 1826 3401">
     <span class='ocr_line' id='line_1_36' title="bbox 191 3317 1826 3401; baseline -0.001 -19"><span class='ocrx_word' id='word_1_394' title='bbox 191 3322 284 3383; x_wconf 90' lang='lat' dir='ltr'><strong>niant</strong></span> <span class='ocrx_word' id='word_1_395' title='bbox 327 3321 512 3401; x_wconf 88' lang='lat' dir='ltr'><strong>auperibus.</strong></span> <span class='ocrx_word' id='word_1_396' title='bbox 533 3321 574 3382; x_wconf 89' lang='lat' dir='ltr'><strong>Et</strong></span> <span class='ocrx_word' id='word_1_397' title='bbox 593 3318 665 3382; x_wconf 88' lang='lat' dir='ltr'><strong>ided</strong></span> <span class='ocrx_word' id='word_1_398' title='bbox 679 3335 745 3380; x_wconf 91' lang='lat' dir='ltr'><strong>non</strong></span> <span class='ocrx_word' id='word_1_399' title='bbox 763 3317 982 3396; x_wconf 89' lang='lat' dir='ltr'><strong>supertluunt,</strong></span> <span class='ocrx_word' id='word_1_400' title='bbox 1036 3317 1151 3398; x_wconf 85' lang='lat' dir='ltr'><strong>agendi</strong></span> <span class='ocrx_word' id='word_1_401' title='bbox 1173 3322 1205 3378; x_wconf 90' lang='lat' dir='ltr'><strong>et</strong></span> <span class='ocrx_word' id='word_1_402' title='bbox 1222 3319 1376 3396; x_wconf 89' lang='lat' dir='ltr'><strong>patiendi.</strong></span> <span class='ocrx_word' id='word_1_403' title='bbox 1401 3319 1564 3400; x_wconf 82' lang='lat' dir='ltr'><strong>Contingit</strong></span> <span class='ocrx_word' id='word_1_404' title='bbox 1584 3322 1691 3380; x_wconf 89' lang='lat' dir='ltr'><strong>autem</strong></span> <span class='ocrx_word' id='word_1_405' title='bbox 1715 3338 1755 3381; x_wconf 85' lang='lat' dir='ltr'><strong>ex</strong></span> <span class='ocrx_word' id='word_1_406' title='bbox 1780 3319 1826 3380; x_wconf 81' lang='lat' dir='ltr'><strong>di-</strong></span> 
     </span>
    </p>

    <p class='ocr_par' dir='ltr' id='par_1_8' title="bbox 192 3340 1826 3490">
     <span class='ocr_line' id='line_1_37' title="bbox 192 3340 1826 3490; baseline 0.002 -29"><span class='ocrx_word' id='word_1_407' title='bbox 192 3399 247 3462; x_wconf 89' lang='lat' dir='ltr'><strong>sed</strong></span> <span class='ocrx_word' id='word_1_408' title='bbox 271 3340 325 3464; x_wconf 83' lang='lat' dir='ltr'><strong>adp</strong></span> <span class='ocrx_word' id='word_1_409' title='bbox 340 3400 401 3463; x_wconf 93' lang='lat' dir='ltr'><strong>boc</strong></span> <span class='ocrx_word' id='word_1_410' title='bbox 435 3399 626 3462; x_wconf 81' lang='lat' dir='ltr'><strong>necessariae</strong></span> <span class='ocrx_word' id='word_1_411' title='bbox 657 3402 734 3460; x_wconf 87' lang='lat' dir='ltr'><strong>sunt</strong></span> <span class='ocrx_word' id='word_1_412' title='bbox 760 3399 982 3490; x_wconf 76' lang='lat' dir='ltr'><strong>possessiones</strong></span> <span class='ocrx_word' id='word_1_413' title='bbox 1035 3397 1826 3477; x_wconf 85' lang='lat' dir='ltr'><strong>versiscausis,etrespectudivcrsorumeumdem</strong></span> 
     </span>
    </p>

    <p class='ocr_par' dir='ltr' id='par_1_9' title="bbox 192 3477 1827 3556">
     <span class='ocr_line' id='line_1_38' title="bbox 192 3477 1827 3556; baseline 0 -16"><span class='ocrx_word' id='word_1_414' title='bbox 192 3479 427 3556; x_wconf 70' lang='lat' dir='ltr'><strong>ecclesiasticae,</strong></span> <span class='ocrx_word' id='word_1_415' title='bbox 441 3483 473 3541; x_wconf 92' lang='lat' dir='ltr'><strong>et</strong></span> <span class='ocrx_word' id='word_1_416' title='bbox 484 3479 675 3552; x_wconf 89' lang='lat' dir='ltr'><strong>oblationes,</strong></span> <span class='ocrx_word' id='word_1_417' title='bbox 687 3479 719 3538; x_wconf 89' lang='lat' dir='ltr'><strong>et</strong></span> <span class='ocrx_word' id='word_1_418' title='bbox 729 3481 877 3555; x_wconf 77' lang='lat' dir='ltr'><strong>primitias</strong></span> <span class='ocrx_word' id='word_1_419' title='bbox 887 3477 984 3539; x_wconf 91' lang='lat' dir='ltr'><strong>simul</strong></span> <span class='ocrx_word' id='word_1_420' title='bbox 1036 3494 1106 3538; x_wconf 90' lang='lat' dir='ltr'><strong>esse</strong></span> <span class='ocrx_word' id='word_1_421' title='bbox 1124 3477 1250 3539; x_wconf 89' lang='lat' dir='ltr'><strong>dantem</strong></span> <span class='ocrx_word' id='word_1_422' title='bbox 1264 3481 1296 3538; x_wconf 90' lang='lat' dir='ltr'><strong>et</strong></span> <span class='ocrx_word' id='word_1_423' title='bbox 1308 3477 1527 3555; x_wconf 88' lang='lat' dir='ltr'><strong>recipientem,</strong></span> <span class='ocrx_word' id='word_1_424' title='bbox 1542 3477 1625 3539; x_wconf 90' lang='lat' dir='ltr'><strong>sicut</strong></span> <span class='ocrx_word' id='word_1_425' title='bbox 1635 3481 1783 3556; x_wconf 80' lang='lat' dir='ltr'><strong>agentem</strong></span> <span class='ocrx_word' id='word_1_426' title='bbox 1795 3481 1827 3544; x_wconf 88' lang='lat' dir='ltr'><strong>et</strong></span> 
     </span>
    </p>

    <p class='ocr_par' dir='ltr' id='par_1_10' title="bbox 193 3556 1846 3634">
     <span class='ocr_line' id='line_1_39' title="bbox 193 3556 1846 3634; baseline -0.001 -14"><span class='ocrx_word' id='word_1_427' title='bbox 193 3575 266 3620; x_wconf 91' lang='lat' dir='ltr'><strong>cum</strong></span> <span class='ocrx_word' id='word_1_428' title='bbox 280 3559 423 3622; x_wconf 89' lang='lat' dir='ltr'><strong>decimis.</strong></span> <span class='ocrx_word' id='word_1_429' title='bbox 1035 3557 1221 3634; x_wconf 87' lang='lat' dir='ltr'><strong>patientem.</strong></span> <span class='ocrx_word' id='word_1_430' title='bbox 1238 3556 1368 3618; x_wconf 82' lang='lat' dir='ltr'><strong>clericis</strong></span> <span class='ocrx_word' id='word_1_431' title='bbox 1382 3560 1511 3630; x_wconf 90' lang='lat' dir='ltr'><strong>autem,</strong></span> <span class='ocrx_word' id='word_1_432' title='bbox 1531 3556 1734 3633; x_wconf 90' lang='lat' dir='ltr'><strong>inquantum</strong></span> <span class='ocrx_word' id='word_1_433' title='bbox 1751 3561 1846 3624; x_wconf 87' lang='lat' dir='ltr'><strong>sunt·</strong></span> 
     </span>
    </p>

    <p class='ocr_par' dir='ltr' id='par_1_11' title="bbox 192 3633 1827 3794">
     <span class='ocr_line' id='line_1_40' title="bbox 231 3633 1827 3715; baseline -0.001 -15"><span class='ocrx_word' id='word_1_434' title='bbox 231 3638 279 3700; x_wconf 83' lang='lat' dir='ltr'><strong>Ad</strong></span> <span class='ocrx_word' id='word_1_435' title='bbox 291 3635 468 3702; x_wconf 85' lang='lat' dir='ltr'><strong>secundum</strong></span> <span class='ocrx_word' id='word_1_436' title='bbox 481 3637 650 3701; x_wconf 89' lang='lat' dir='ltr'><strong>dicendum</strong></span> <span class='ocrx_word' id='word_1_437' title='bbox 685 3633 749 3698; x_wconf 87' lang='lat' dir='ltr'><strong>add</strong></span> <span class='ocrx_word' id='word_1_438' title='bbox 765 3635 894 3697; x_wconf 76' lang='lat' dir='ltr'><strong>decime</strong></span> <span class='ocrx_word' id='word_1_439' title='bbox 908 3653 985 3715; x_wconf 89' lang='grc' dir='ltr'>ρει-</span> <span class='ocrx_word' id='word_1_440' title='bbox 1035 3635 1173 3696; x_wconf 89' lang='lat' dir='ltr'><strong>ministri</strong></span> <span class='ocrx_word' id='word_1_441' title='bbox 1192 3635 1315 3705; x_wconf 86' lang='lat' dir='ltr'><strong>altaris,</strong></span> <span class='ocrx_word' id='word_1_442' title='bbox 1333 3635 1513 3713; x_wconf 86' lang='lat' dir='ltr'><strong>spiritualia</strong></span> <span class='ocrx_word' id='word_1_443' title='bbox 1529 3634 1649 3715; x_wconf 90' lang='lat' dir='ltr'><strong>populo</strong></span> <span class='ocrx_word' id='word_1_444' title='bbox 1663 3634 1827 3698; x_wconf 87' lang='lat' dir='ltr'><strong>seminan-</strong></span> 
     </span>
     <span class='ocr_line' id='line_1_41' title="bbox 192 3712 1824 3794; baseline -0.002 -14"><span class='ocrx_word' id='word_1_445' title='bbox 192 3718 320 3780; x_wconf 88' lang='lat' dir='ltr'><strong>sonales</strong></span> <span class='ocrx_word' id='word_1_446' title='bbox 335 3719 493 3781; x_wconf 90' lang='lat' dir='ltr'><strong>debentur</strong></span> <span class='ocrx_word' id='word_1_447' title='bbox 504 3716 654 3780; x_wconf 76' lang='lat' dir='ltr'><strong>Ecclesia</strong></span> <span class='ocrx_word' id='word_1_448' title='bbox 672 3733 705 3777; x_wconf 90' lang='lat' dir='ltr'><strong>vn</strong></span> <span class='ocrx_word' id='word_1_449' title='bbox 727 3715 818 3794; x_wconf 87' lang='lat' dir='ltr'><strong>cujus</strong></span> <span class='ocrx_word' id='word_1_450' title='bbox 829 3713 984 3794; x_wconf 76' lang='lat' dir='ltr'><strong>parocbia</strong></span> <span class='ocrx_word' id='word_1_451' title='bbox 1035 3717 1102 3786; x_wconf 89' lang='lat' dir='ltr'><strong>tes,</strong></span> <span class='ocrx_word' id='word_1_452' title='bbox 1116 3713 1245 3777; x_wconf 83' lang='lat' dir='ltr'><strong>decima</strong></span> <span class='ocrx_word' id='word_1_453' title='bbox 1262 3713 1440 3777; x_wconf 80' lang='lat' dir='ltr'><strong>abdelibus</strong></span> <span class='ocrx_word' id='word_1_454' title='bbox 1458 3714 1625 3776; x_wconf 89' lang='lat' dir='ltr'><strong>debentur.</strong></span> <span class='ocrx_word' id='word_1_455' title='bbox 1641 3712 1730 3776; x_wconf 86' lang='lat' dir='ltr'><strong>Unde</strong></span> <span class='ocrx_word' id='word_1_456' title='bbox 1743 3715 1824 3778; x_wconf 87' lang='lat' dir='ltr'><strong>tales</strong></span> 
     </span>
    </p>
   </div>
   <div class='ocr_carea' id='block_1_5' title="bbox 194 3791 1932 3875">
    <p class='ocr_par' dir='ltr' id='par_1_12' title="bbox 194 3791 1932 3875">
     <span class='ocr_line' id='line_1_42' title="bbox 194 3791 1932 3875; baseline -0.001 -18"><span class='ocrx_word' id='word_1_457' title='bbox 194 3796 290 3858; x_wconf 92' lang='lat' dir='ltr'><strong>bomo</strong></span> <span class='ocrx_word' id='word_1_458' title='bbox 309 3799 449 3870; x_wconf 87' lang='lat' dir='ltr'><strong>babitat;</strong></span> <span class='ocrx_word' id='word_1_459' title='bbox 465 3797 595 3860; x_wconf 80' lang='lat' dir='ltr'><strong>decimae</strong></span> <span class='ocrx_word' id='word_1_460' title='bbox 607 3793 685 3858; x_wconf 85' lang='lat' dir='ltr'><strong>vend</strong></span> <span class='ocrx_word' id='word_1_461' title='bbox 699 3795 866 3875; x_wconf 75' lang='lat' dir='ltr'><strong>praediales</strong></span> <span class='ocrx_word' id='word_1_462' title='bbox 881 3794 985 3855; x_wconf 87' lang='lat' dir='ltr'><strong>ratio-</strong></span> <span class='ocrx_word' id='word_1_463' title='bbox 1036 3791 1163 3867; x_wconf 90' lang='lat' dir='ltr'><strong>clerici,</strong></span> <span class='ocrx_word' id='word_1_464' title='bbox 1180 3794 1213 3854; x_wconf 94' lang='lat' dir='ltr'><strong>in</strong></span> <span class='ocrx_word' id='word_1_465' title='bbox 1242 3799 1399 3874; x_wconf 88' lang='lat' dir='ltr'><strong>quantum</strong></span> <span class='ocrx_word' id='word_1_466' title='bbox 1428 3792 1536 3856; x_wconf 88' lang='lat' dir='ltr'><strong>clerici</strong></span> <span class='ocrx_word' id='word_1_467' title='bbox 1552 3798 1649 3867; x_wconf 86' lang='lat' dir='ltr'><strong>sunt,</strong></span> <span class='ocrx_word' id='word_1_468' title='bbox 1665 3793 1774 3868; x_wconf 90' lang='lat' dir='ltr'><strong>idest,</strong></span> <span class='ocrx_word' id='word_1_469' title='bbox 1791 3795 1826 3856; x_wconf 92' lang='lat' dir='ltr'><strong>in</strong></span> <span class='ocrx_word' id='word_1_470' title='bbox 1928 3815 1932 3825; x_wconf 95' lang='lat'>·</span> 
     </span>
    </p>
   </div>
   <div class='ocr_carea' id='block_1_6' title="bbox 190 3872 1825 5943">
    <p class='ocr_par' dir='ltr' id='par_1_13' title="bbox 190 3872 1825 5943">
     <span class='ocr_line' id='line_1_43' title="bbox 192 3872 1824 3958; baseline 0 -22"><span class='ocrx_word' id='word_1_471' title='bbox 192 3877 346 3940; x_wconf 87' lang='lat' dir='ltr'><strong>nabiliter</strong></span> <span class='ocrx_word' id='word_1_472' title='bbox 354 3877 458 3958; x_wconf 85' lang='lat' dir='ltr'><strong>magis</strong></span> <span class='ocrx_word' id='word_1_473' title='bbox 473 3877 624 3940; x_wconf 83' lang='lat' dir='ltr'><strong>videntur</strong></span> <span class='ocrx_word' id='word_1_474' title='bbox 638 3877 802 3955; x_wconf 89' lang='lat' dir='ltr'><strong>pertinere</strong></span> <span class='ocrx_word' id='word_1_475' title='bbox 817 3874 857 3936; x_wconf 92' lang='lat' dir='ltr'><strong>ad</strong></span> <span class='ocrx_word' id='word_1_476' title='bbox 870 3873 984 3934; x_wconf 89' lang='lat' dir='ltr'><strong>Eccle-</strong></span> <span class='ocrx_word' id='word_1_477' title='bbox 1081 3877 1202 3934; x_wconf 82' lang='lat' dir='ltr'><strong>antum-</strong></span> <span class='ocrx_word' id='word_1_478' title='bbox 1212 3873 1332 3936; x_wconf 90' lang='lat' dir='ltr'><strong>babent</strong></span> <span class='ocrx_word' id='word_1_479' title='bbox 1345 3872 1577 3936; x_wconf 90' lang='lat' dir='ltr'><strong>ecclesiasticas</strong></span> <span class='ocrx_word' id='word_1_480' title='bbox 1589 3873 1824 3953; x_wconf 87' lang='lat' dir='ltr'><strong>possessiones,</strong></span> 
     </span>
     <span class='ocr_line' id='line_1_44' title="bbox 193 3951 1825 4036; baseline 0 -20"><span class='ocrx_word' id='word_1_481' title='bbox 193 3955 275 4017; x_wconf 88' lang='lat' dir='ltr'><strong>siam</strong></span> <span class='ocrx_word' id='word_1_482' title='bbox 301 3956 335 4018; x_wconf 92' lang='lat' dir='ltr'><strong>in</strong></span> <span class='ocrx_word' id='word_1_483' title='bbox 363 3955 455 4036; x_wconf 83' lang='lat' dir='ltr'><strong>cujus</strong></span> <span class='ocrx_word' id='word_1_484' title='bbox 487 3953 633 4018; x_wconf 88' lang='lat' dir='ltr'><strong>terminis</strong></span> <span class='ocrx_word' id='word_1_485' title='bbox 659 3953 779 4034; x_wconf 80' lang='lat' dir='ltr'><strong>predia</strong></span> <span class='ocrx_word' id='word_1_486' title='bbox 808 3955 870 4016; x_wconf 88' lang='lat' dir='ltr'><strong>sita</strong></span> <span class='ocrx_word' id='word_1_487' title='bbox 896 3955 981 4014; x_wconf 92' lang='lat' dir='ltr'><strong>sunt.</strong></span> <span class='ocrx_word' id='word_1_488' title='bbox 1057 3951 1174 4014; x_wconf 91' lang='lat' dir='ltr'><strong>ecimas</strong></span> <span class='ocrx_word' id='word_1_489' title='bbox 1190 3954 1316 4015; x_wconf 88' lang='lat' dir='ltr'><strong>solvere</strong></span> <span class='ocrx_word' id='word_1_490' title='bbox 1338 3970 1403 4014; x_wconf 90' lang='grc' dir='ltr'>ιιοιι</span> <span class='ocrx_word' id='word_1_491' title='bbox 1417 3957 1589 4028; x_wconf 84' lang='grc' dir='ltr'>ιειιειιιιιι;</span> <span class='ocrx_word' id='word_1_492' title='bbox 1614 3951 1734 4016; x_wconf 74' lang='lat' dir='ltr'><strong>exalia</strong></span> <span class='ocrx_word' id='word_1_493' title='bbox 1747 3954 1825 4016; x_wconf 80' lang='lat' dir='ltr'><strong>vend</strong></span> 
     </span>
     <span class='ocr_line' id='line_1_45' title="bbox 192 4029 1825 4115; baseline -0.001 -19"><span class='ocrx_word' id='word_1_494' title='bbox 192 4035 314 4096; x_wconf 84' lang='lat' dir='ltr'><strong>&#39;lamen</strong></span> <span class='ocrx_word' id='word_1_495' title='bbox 326 4036 401 4115; x_wconf 87' lang='lat' dir='ltr'><strong>jura</strong></span> <span class='ocrx_word' id='word_1_496' title='bbox 415 4036 629 4104; x_wconf 89' lang='lat' dir='ltr'><strong>determinant</strong></span> <span class='ocrx_word' id='word_1_497' title='bbox 643 4033 728 4112; x_wconf 89' lang='lat' dir='ltr'><strong>qudd</strong></span> <span class='ocrx_word' id='word_1_498' title='bbox 753 4035 787 4095; x_wconf 92' lang='lat' dir='ltr'><strong>in</strong></span> <span class='ocrx_word' id='word_1_499' title='bbox 804 4032 983 4094; x_wconf 88' lang='lat' dir='ltr'><strong>hocserve-</strong></span> <span class='ocrx_word' id='word_1_500' title='bbox 1035 4029 1151 4106; x_wconf 75' lang='lat' dir='ltr'><strong>causei,</strong></span> <span class='ocrx_word' id='word_1_501' title='bbox 1168 4033 1289 4096; x_wconf 88' lang='lat' dir='ltr'><strong>scilicet</strong></span> <span class='ocrx_word' id='word_1_502' title='bbox 1311 4036 1444 4112; x_wconf 91' lang='lat' dir='ltr'><strong>propter</strong></span> <span class='ocrx_word' id='word_1_503' title='bbox 1464 4033 1527 4094; x_wconf 91' lang='lat' dir='ltr'><strong>boc</strong></span> <span class='ocrx_word' id='word_1_504' title='bbox 1549 4033 1636 4112; x_wconf 93' lang='lat' dir='ltr'><strong>quod</strong></span> <span class='ocrx_word' id='word_1_505' title='bbox 1662 4031 1825 4112; x_wconf 89' lang='lat' dir='ltr'><strong>possident</strong></span> 
     </span>
     <span class='ocr_line' id='line_1_46' title="bbox 192 4109 1823 4192; baseline -0.002 -18"><span class='ocrx_word' id='word_1_506' title='bbox 192 4116 247 4176; x_wconf 91' lang='lat' dir='ltr'><strong>tur</strong></span> <span class='ocrx_word' id='word_1_507' title='bbox 262 4115 461 4177; x_wconf 90' lang='lat' dir='ltr'><strong>consuetudo</strong></span> <span class='ocrx_word' id='word_1_508' title='bbox 483 4113 538 4176; x_wconf 86' lang='lat' dir='ltr'><strong>did</strong></span> <span class='ocrx_word' id='word_1_509' title='bbox 553 4115 700 4188; x_wconf 87' lang='lat' dir='ltr'><strong>obtenta,</strong></span> <span class='ocrx_word' id='word_1_510' title='bbox 721 4129 792 4192; x_wconf 92' lang='lat' dir='ltr'><strong>cap.</strong></span> <span class='ocrx_word' id='word_1_511' title='bbox 812 4109 890 4174; x_wconf 79' lang='lat' dir='ltr'><strong>cam</strong></span> <span class='ocrx_word' id='word_1_512' title='bbox 904 4110 981 4186; x_wconf 70' lang='lat' dir='ltr'><strong>dot,</strong></span> <span class='ocrx_word' id='word_1_513' title='bbox 1035 4111 1166 4190; x_wconf 91' lang='lat' dir='ltr'><strong>proprio</strong></span> <span class='ocrx_word' id='word_1_514' title='bbox 1178 4111 1271 4192; x_wconf 87' lang='lat' dir='ltr'><strong>jure,</strong></span> <span class='ocrx_word' id='word_1_515' title='bbox 1286 4114 1337 4174; x_wconf 91' lang='lat' dir='ltr'><strong>vel</strong></span> <span class='ocrx_word' id='word_1_516' title='bbox 1349 4131 1391 4174; x_wconf 85' lang='lat' dir='ltr'><strong>ex</strong></span> <span class='ocrx_word' id='word_1_517' title='bbox 1411 4113 1615 4175; x_wconf 88' lang='lat' dir='ltr'><strong>successione</strong></span> <span class='ocrx_word' id='word_1_518' title='bbox 1629 4116 1823 4191; x_wconf 88' lang='lat' dir='ltr'><strong>parentum,</strong></span> 
     </span>
     <span class='ocr_line' id='line_1_47' title="bbox 193 4189 1824 4272; baseline -0.002 -16"><span class='ocrx_word' id='word_1_519' title='bbox 193 4197 225 4256; x_wconf 89' lang='lat' dir='ltr'><strong>et</strong></span> <span class='ocrx_word' id='word_1_520' title='bbox 237 4209 307 4272; x_wconf 90' lang='lat' dir='ltr'><strong>cap.</strong></span> <span class='ocrx_word' id='word_1_521' title='bbox 322 4193 401 4256; x_wconf 87' lang='lat' dir='ltr'><strong>udA</strong></span> <span class='ocrx_word' id='word_1_522' title='bbox 426 4193 575 4262; x_wconf 70' lang='lat' dir='ltr'><strong>catolicae,</strong></span> <span class='ocrx_word' id='word_1_523' title='bbox 589 4193 627 4254; x_wconf 92' lang='lat' dir='ltr'><strong>de</strong></span> <span class='ocrx_word' id='word_1_524' title='bbox 640 4191 790 4264; x_wconf 86' lang='lat' dir='ltr'><strong>Decimis,</strong></span> <span class='ocrx_word' id='word_1_525' title='bbox 802 4196 860 4253; x_wconf 91' lang='lat' dir='ltr'><strong>etc.</strong></span> <span class='ocrx_word' id='word_1_526' title='bbox 870 4193 983 4252; x_wconf 84' lang='lat' dir='ltr'><strong>Pastor</strong></span> <span class='ocrx_word' id='word_1_527' title='bbox 1034 4191 1087 4251; x_wconf 85' lang='lat' dir='ltr'><strong>vel</strong></span> <span class='ocrx_word' id='word_1_528' title='bbox 1100 4209 1141 4252; x_wconf 82' lang='lat' dir='ltr'><strong>en</strong></span> <span class='ocrx_word' id='word_1_529' title='bbox 1154 4192 1333 4271; x_wconf 87' lang='lat' dir='ltr'><strong>emptione,</strong></span> <span class='ocrx_word' id='word_1_530' title='bbox 1347 4192 1398 4255; x_wconf 88' lang='lat' dir='ltr'><strong>vel</strong></span> <span class='ocrx_word' id='word_1_531' title='bbox 1415 4209 1553 4271; x_wconf 87' lang='lat' dir='ltr'><strong>quocum</strong></span> <span class='ocrx_word' id='word_1_532' title='bbox 1579 4209 1621 4253; x_wconf 90' lang='lat' dir='ltr'><strong>ue</strong></span> <span class='ocrx_word' id='word_1_533' title='bbox 1640 4189 1824 4252; x_wconf 92' lang='lat' dir='ltr'><strong>bu&#39;usmodi</strong></span> 
     </span>
     <span class='ocr_line' id='line_1_48' title="bbox 192 4209 1782 4352; baseline -0.003 -18"><span class='ocrx_word' id='word_1_534' title='bbox 192 4276 300 4336; x_wconf 87' lang='lat' dir='ltr'><strong>autem</strong></span> <span class='ocrx_word' id='word_1_535' title='bbox 314 4274 372 4352; x_wconf 92' lang='lat' dir='ltr'><strong>qui</strong></span> <span class='ocrx_word' id='word_1_536' title='bbox 407 4273 520 4338; x_wconf 88' lang='lat' dir='ltr'><strong>iversis</strong></span> <span class='ocrx_word' id='word_1_537' title='bbox 535 4275 599 4336; x_wconf 82' lang='lat' dir='ltr'><strong>tem</strong></span> <span class='ocrx_word' id='word_1_538' title='bbox 622 4273 732 4334; x_wconf 90' lang='lat' dir='ltr'><strong>oribus</strong></span> <span class='ocrx_word' id='word_1_539' title='bbox 741 4271 775 4331; x_wconf 92' lang='lat' dir='ltr'><strong>in</strong></span> <span class='ocrx_word' id='word_1_540' title='bbox 788 4271 912 4333; x_wconf 90' lang='lat' dir='ltr'><strong>duabus</strong></span> <span class='ocrx_word' id='word_1_541' title='bbox 925 4287 983 4348; x_wconf 88' lang='lat' dir='ltr'><strong>pa·</strong></span> <span class='ocrx_word' id='word_1_542' title='bbox 1033 4270 1140 4346; x_wconf 89' lang='lat' dir='ltr'><strong>modo,</strong></span> <span class='ocrx_word' id='word_1_543' title='bbox 1154 4275 1231 4332; x_wconf 90' lang='lat' dir='ltr'><strong>sunt</strong></span> <span class='ocrx_word' id='word_1_544' title='bbox 1247 4271 1287 4333; x_wconf 91' lang='lat' dir='ltr'><strong>ad</strong></span> <span class='ocrx_word' id='word_1_545' title='bbox 1298 4270 1438 4336; x_wconf 86' lang='lat' dir='ltr'><strong>decimas</strong></span> <span class='ocrx_word' id='word_1_546' title='bbox 1453 4209 1623 4334; x_wconf 46' lang='lat' dir='ltr'><strong>solvenffias</strong></span> <span class='ocrx_word' id='word_1_547' title='bbox 1639 4273 1680 4332; x_wconf 91' lang='lat' dir='ltr'><strong>ob</strong></span> <span class='ocrx_word' id='word_1_548' title='bbox 1694 4270 1782 4351; x_wconf 88' lang='lat' dir='ltr'><strong>igati.</strong></span> 
     </span>
     <span class='ocr_line' id='line_1_49' title="bbox 192 4291 1824 4492; baseline 0 -79"><span class='ocrx_word' id='word_1_549' title='bbox 192 4351 312 4415; x_wconf 87' lang='lat' dir='ltr'><strong>rocbiis</strong></span> <span class='ocrx_word' id='word_1_550' title='bbox 324 4371 453 4492; x_wconf 46' lang='lat' dir='ltr'><strong>gregem</strong></span> <span class='ocrx_word' id='word_1_551' title='bbox 466 4351 580 4433; x_wconf 89' lang='lat' dir='ltr'><strong>pascit,</strong></span> <span class='ocrx_word' id='word_1_552' title='bbox 595 4291 687 4412; x_wconf 56' lang='lat' dir='ltr'><strong>(fobet</strong></span> <span class='ocrx_word' id='word_1_553' title='bbox 698 4348 984 4430; x_wconf 85' lang='lat' dir='ltr'><strong>proportionaliter</strong></span> <span class='ocrx_word' id='word_1_554' title='bbox 1074 4347 1162 4412; x_wconf 84' lang='lat' dir='ltr'><strong>Unde</strong></span> <span class='ocrx_word' id='word_1_555' title='bbox 1184 4354 1271 4428; x_wconf 89' lang='lat' dir='ltr'><strong>patet</strong></span> <span class='ocrx_word' id='word_1_556' title='bbox 1300 4351 1469 4430; x_wconf 90' lang='lat' dir='ltr'><strong>responsio</strong></span> <span class='ocrx_word' id='word_1_557' title='bbox 1498 4349 1538 4412; x_wconf 91' lang='lat' dir='ltr'><strong>ad</strong></span> <span class='ocrx_word' id='word_1_558' title='bbox 1560 4349 1721 4429; x_wconf 89' lang='lat' dir='ltr'><strong>primum,</strong></span> <span class='ocrx_word' id='word_1_559' title='bbox 1745 4350 1824 4428; x_wconf 90' lang='lat' dir='ltr'><strong>quia</strong></span> 
     </span>
     <span class='ocr_line' id='line_1_50' title="bbox 193 4428 1824 4510; baseline -0.001 -18"><span class='ocrx_word' id='word_1_560' title='bbox 193 4432 363 4510; x_wconf 88' lang='lat' dir='ltr'><strong>utriusque</strong></span> <span class='ocrx_word' id='word_1_561' title='bbox 406 4433 529 4495; x_wconf 76' lang='lat' dir='ltr'><strong>cclesias</strong></span> <span class='ocrx_word' id='word_1_562' title='bbox 545 4430 683 4492; x_wconf 89' lang='lat' dir='ltr'><strong>decimas</strong></span> <span class='ocrx_word' id='word_1_563' title='bbox 697 4431 842 4502; x_wconf 67' lang='lat' dir='ltr'><strong>solveres</strong></span> <span class='ocrx_word' id='word_1_564' title='bbox 860 4433 892 4490; x_wconf 92' lang='lat' dir='ltr'><strong>et</strong></span> <span class='ocrx_word' id='word_1_565' title='bbox 905 4430 983 4508; x_wconf 88' lang='lat' dir='ltr'><strong>quia</strong></span> <span class='ocrx_word' id='word_1_566' title='bbox 1035 4428 1142 4490; x_wconf 89' lang='lat' dir='ltr'><strong>clerici</strong></span> <span class='ocrx_word' id='word_1_567' title='bbox 1157 4429 1195 4492; x_wconf 89' lang='lat' dir='ltr'><strong>de</strong></span> <span class='ocrx_word' id='word_1_568' title='bbox 1218 4429 1357 4508; x_wconf 88' lang='lat' dir='ltr'><strong>propriis</strong></span> <span class='ocrx_word' id='word_1_569' title='bbox 1377 4428 1504 4508; x_wconf 71' lang='lat' dir='ltr'><strong>prediis</strong></span> <span class='ocrx_word' id='word_1_570' title='bbox 1526 4430 1677 4490; x_wconf 91' lang='lat' dir='ltr'><strong>tenentur</strong></span> <span class='ocrx_word' id='word_1_571' title='bbox 1697 4429 1824 4492; x_wconf 89' lang='lat' dir='ltr'><strong>solvere</strong></span> 
     </span>
     <span class='ocr_line' id='line_1_51' title="bbox 193 4506 1822 4667; baseline -0.001 -18"><span class='ocrx_word' id='word_1_572' title='bbox 193 4509 982 4667; x_wconf 54' lang='lat' dir='ltr'><strong>indicibiliadelectabilitatis</strong></span> <span class='ocrx_word' id='word_1_573' title='bbox 1034 4506 1672 4666; x_wconf 67' lang='lat' dir='ltr'><strong>litaiaa⁰tli¹tlttlttstlat</strong></span> <span class='ocrx_word' id='word_1_574' title='bbox 1690 4507 1822 4649; x_wconf 64' lang='lat' dir='ltr'><strong>{bill</strong></span> 
     </span>
     <span class='ocr_line' id='line_1_52' title="bbox 192 4607 1822 4750; baseline -0.002 -21"><span class='ocrx_word' id='word_1_575' title='bbox 192 4669 306 4730; x_wconf 88' lang='lat' dir='ltr'><strong>ritorto</strong></span> <span class='ocrx_word' id='word_1_576' title='bbox 319 4687 398 4749; x_wconf 83' lang='lat' dir='ltr'><strong>grex</strong></span> <span class='ocrx_word' id='word_1_577' title='bbox 409 4607 563 4750; x_wconf 56' lang='lat' dir='ltr'><strong>pascsrr&#39;tugrl,</strong></span> <span class='ocrx_word' id='word_1_578' title='bbox 577 4665 733 4747; x_wconf 79' lang='lat' dir='ltr'><strong>quamilli</strong></span> <span class='ocrx_word' id='word_1_579' title='bbox 744 4666 984 4747; x_wconf 82' lang='lat' dir='ltr'><strong>incnjusterri-</strong></span> <span class='ocrx_word' id='word_1_580' title='bbox 1034 4666 1112 4744; x_wconf 89' lang='lat' dir='ltr'><strong>quia</strong></span> <span class='ocrx_word' id='word_1_581' title='bbox 1125 4665 1213 4728; x_wconf 91' lang='lat' dir='ltr'><strong>aliud</strong></span> <span class='ocrx_word' id='word_1_582' title='bbox 1228 4669 1276 4728; x_wconf 90' lang='lat' dir='ltr'><strong>est</strong></span> <span class='ocrx_word' id='word_1_583' title='bbox 1299 4667 1417 4729; x_wconf 87' lang='lat' dir='ltr'><strong>babere</strong></span> <span class='ocrx_word' id='word_1_584' title='bbox 1438 4667 1560 4744; x_wconf 91' lang='lat' dir='ltr'><strong>aliquid</strong></span> <span class='ocrx_word' id='word_1_585' title='bbox 1579 4668 1618 4727; x_wconf 92' lang='lat' dir='ltr'><strong>ut</strong></span> <span class='ocrx_word' id='word_1_586' title='bbox 1636 4633 1822 4745; x_wconf 62' lang='lat' dir='ltr'><strong>proprium:</strong></span> 
     </span>
     <span class='ocr_line' id='line_1_53' title="bbox 194 4744 1823 4812; baseline 0.001 -5"><span class='ocrx_word' id='word_1_587' title='bbox 194 4749 275 4810; x_wconf 88' lang='lat' dir='ltr'><strong>torio</strong></span> <span class='ocrx_word' id='word_1_588' title='bbox 287 4750 371 4812; x_wconf 90' lang='lat' dir='ltr'><strong>ovile</strong></span> <span class='ocrx_word' id='word_1_589' title='bbox 385 4749 521 4812; x_wconf 90' lang='lat' dir='ltr'><strong>locatur.</strong></span> <span class='ocrx_word' id='word_1_590' title='bbox 1034 4744 1122 4808; x_wconf 90' lang='lat' dir='ltr'><strong>aliud</strong></span> <span class='ocrx_word' id='word_1_591' title='bbox 1135 4749 1361 4808; x_wconf 88' lang='lat' dir='ltr'><strong>utcommunc.</strong></span> <span class='ocrx_word' id='word_1_592' title='bbox 1376 4744 1497 4808; x_wconf 78' lang='lat' dir='ltr'><strong>Praedia</strong></span> <span class='ocrx_word' id='word_1_593' title='bbox 1509 4745 1584 4809; x_wconf 84' lang='lat' dir='ltr'><strong>verb</strong></span> <span class='ocrx_word' id='word_1_594' title='bbox 1592 4746 1743 4809; x_wconf 76' lang='lat' dir='ltr'><strong>Ecclesiae</strong></span> <span class='ocrx_word' id='word_1_595' title='bbox 1757 4764 1823 4808; x_wconf 93' lang='lat' dir='ltr'><strong>non</strong></span> 
     </span>
     <span class='ocr_line' id='line_1_54' title="bbox 232 4825 1823 4908; baseline -0.001 -19"><span class='ocrx_word' id='word_1_596' title='bbox 232 4828 279 4889; x_wconf 79' lang='lat' dir='ltr'><strong>Ad</strong></span> <span class='ocrx_word' id='word_1_597' title='bbox 297 4829 427 4890; x_wconf 89' lang='lat' dir='ltr'><strong>tertium</strong></span> <span class='ocrx_word' id='word_1_598' title='bbox 442 4827 610 4892; x_wconf 88' lang='lat' dir='ltr'><strong>dicendum</strong></span> <span class='ocrx_word' id='word_1_599' title='bbox 628 4825 734 4904; x_wconf 87' lang='lat' dir='ltr'><strong>qubd,</strong></span> <span class='ocrx_word' id='word_1_600' title='bbox 751 4827 833 4888; x_wconf 90' lang='lat' dir='ltr'><strong>sicut</strong></span> <span class='ocrx_word' id='word_1_601' title='bbox 853 4843 905 4888; x_wconf 92' lang='lat' dir='ltr'><strong>res</strong></span> <span class='ocrx_word' id='word_1_602' title='bbox 920 4843 983 4888; x_wconf 90' lang='lat' dir='ltr'><strong>no-</strong></span> <span class='ocrx_word' id='word_1_603' title='bbox 1035 4825 1164 4889; x_wconf 91' lang='lat' dir='ltr'><strong>suntad</strong></span> <span class='ocrx_word' id='word_1_604' title='bbox 1186 4825 1324 4888; x_wconf 90' lang='lat' dir='ltr'><strong>decimas</strong></span> <span class='ocrx_word' id='word_1_605' title='bbox 1339 4825 1508 4888; x_wconf 90' lang='lat' dir='ltr'><strong>solvendas</strong></span> <span class='ocrx_word' id='word_1_606' title='bbox 1523 4827 1683 4908; x_wconf 88' lang='lat' dir='ltr'><strong>obligata,</strong></span> <span class='ocrx_word' id='word_1_607' title='bbox 1699 4826 1823 4888; x_wconf 89' lang='lat' dir='ltr'><strong>etiamsi</strong></span> 
     </span>
     <span class='ocr_line' id='line_1_55' title="bbox 193 4905 1697 4987; baseline -0.001 -21"><span class='ocrx_word' id='word_1_608' title='bbox 193 4905 284 4968; x_wconf 87' lang='lat' dir='ltr'><strong>mine·</strong></span> <span class='ocrx_word' id='word_1_609' title='bbox 295 4906 425 4970; x_wconf 82' lang='lat' dir='ltr'><strong>decimae</strong></span> <span class='ocrx_word' id='word_1_610' title='bbox 439 4913 585 4987; x_wconf 89' lang='lat' dir='ltr'><strong>acceptas</strong></span> <span class='ocrx_word' id='word_1_611' title='bbox 607 4908 712 4986; x_wconf 91' lang='lat' dir='ltr'><strong>potest</strong></span> <span class='ocrx_word' id='word_1_612' title='bbox 724 4905 868 4967; x_wconf 88' lang='lat' dir='ltr'><strong>Ecclesia</strong></span> <span class='ocrx_word' id='word_1_613' title='bbox 884 4907 982 4968; x_wconf 90' lang='lat' dir='ltr'><strong>alicui</strong></span> <span class='ocrx_word' id='word_1_614' title='bbox 1034 4906 1099 4968; x_wconf 88' lang='lat' dir='ltr'><strong>sint</strong></span> <span class='ocrx_word' id='word_1_615' title='bbox 1111 4905 1197 4968; x_wconf 90' lang='lat' dir='ltr'><strong>intra</strong></span> <span class='ocrx_word' id='word_1_616' title='bbox 1209 4905 1364 4967; x_wconf 89' lang='lat' dir='ltr'><strong>terminos</strong></span> <span class='ocrx_word' id='word_1_617' title='bbox 1379 4905 1511 4968; x_wconf 90' lang='lat' dir='ltr'><strong>alterius</strong></span> <span class='ocrx_word' id='word_1_618' title='bbox 1526 4906 1697 4986; x_wconf 77' lang='lat' dir='ltr'><strong>parochie.</strong></span> 
     </span>
     <span class='ocr_line' id='line_1_56' title="bbox 192 4983 1820 5065; baseline 0 -21"><span class='ocrx_word' id='word_1_619' title='bbox 192 4983 275 5048; x_wconf 87' lang='lat' dir='ltr'><strong>laico</strong></span> <span class='ocrx_word' id='word_1_620' title='bbox 288 4987 432 5062; x_wconf 86' lang='lat' dir='ltr'><strong>tradere,</strong></span> <span class='ocrx_word' id='word_1_621' title='bbox 447 4988 492 5051; x_wconf 90' lang='lat' dir='ltr'><strong>ita</strong></span> <span class='ocrx_word' id='word_1_622' title='bbox 506 4988 602 5050; x_wconf 90' lang='lat' dir='ltr'><strong>etlam</strong></span> <span class='ocrx_word' id='word_1_623' title='bbox 626 4989 731 5065; x_wconf 90' lang='lat' dir='ltr'><strong>potest</strong></span> <span class='ocrx_word' id='word_1_624' title='bbox 753 4985 781 5046; x_wconf 92' lang='lat' dir='ltr'><strong>ei</strong></span> <span class='ocrx_word' id='word_1_625' title='bbox 807 4986 982 5048; x_wconf 90' lang='lat' dir='ltr'><strong>concedere</strong></span> <span class='ocrx_word' id='word_1_626' title='bbox 1074 4984 1122 5047; x_wconf 79' lang='lat' dir='ltr'><strong>Ad</strong></span> <span class='ocrx_word' id='word_1_627' title='bbox 1153 4985 1329 5048; x_wconf 90' lang='lat' dir='ltr'><strong>secundum</strong></span> <span class='ocrx_word' id='word_1_628' title='bbox 1354 4984 1522 5047; x_wconf 91' lang='lat' dir='ltr'><strong>dicendum</strong></span> <span class='ocrx_word' id='word_1_629' title='bbox 1549 4986 1634 5064; x_wconf 88' lang='lat' dir='ltr'><strong>qudd</strong></span> <span class='ocrx_word' id='word_1_630' title='bbox 1659 4984 1820 5064; x_wconf 79' lang='lat' dir='ltr'><strong>religiosi,</strong></span> 
     </span>
     <span class='ocr_line' id='line_1_57' title="bbox 193 5064 1820 5146; baseline -0.001 -22"><span class='ocrx_word' id='word_1_631' title='bbox 193 5068 229 5124; x_wconf 91' lang='lat' dir='ltr'><strong>ut</strong></span> <span class='ocrx_word' id='word_1_632' title='bbox 245 5065 366 5128; x_wconf 90' lang='lat' dir='ltr'><strong>dandas</strong></span> <span class='ocrx_word' id='word_1_633' title='bbox 385 5066 522 5128; x_wconf 89' lang='lat' dir='ltr'><strong>decimas</strong></span> <span class='ocrx_word' id='word_1_634' title='bbox 543 5067 603 5146; x_wconf 90' lang='lat' dir='ltr'><strong>ipsi</strong></span> <span class='ocrx_word' id='word_1_635' title='bbox 617 5065 795 5145; x_wconf 87' lang='lat' dir='ltr'><strong>accipiant,</strong></span> <span class='ocrx_word' id='word_1_636' title='bbox 808 5064 883 5143; x_wconf 82' lang='lat' dir='ltr'><strong>jure</strong></span> <span class='ocrx_word' id='word_1_637' title='bbox 896 5066 983 5128; x_wconf 89' lang='lat' dir='ltr'><strong>acci-</strong></span> <span class='ocrx_word' id='word_1_638' title='bbox 1033 5064 1090 5142; x_wconf 91' lang='lat' dir='ltr'><strong>qui</strong></span> <span class='ocrx_word' id='word_1_639' title='bbox 1104 5067 1180 5126; x_wconf 89' lang='lat' dir='ltr'><strong>sunt</strong></span> <span class='ocrx_word' id='word_1_640' title='bbox 1193 5064 1316 5138; x_wconf 84' lang='lat' dir='ltr'><strong>clerici,</strong></span> <span class='ocrx_word' id='word_1_641' title='bbox 1329 5065 1355 5126; x_wconf 90' lang='lat' dir='ltr'><strong>si</strong></span> <span class='ocrx_word' id='word_1_642' title='bbox 1371 5065 1490 5126; x_wconf 89' lang='lat' dir='ltr'><strong>habent</strong></span> <span class='ocrx_word' id='word_1_643' title='bbox 1503 5081 1614 5126; x_wconf 90' lang='lat' dir='ltr'><strong>curam</strong></span> <span class='ocrx_word' id='word_1_644' title='bbox 1628 5065 1820 5136; x_wconf 89' lang='lat' dir='ltr'><strong>animarum,</strong></span> 
     </span>
     <span class='ocr_line' id='line_1_58' title="bbox 191 5143 1823 5224; baseline -0.002 -20"><span class='ocrx_word' id='word_1_645' title='bbox 191 5144 300 5221; x_wconf 92' lang='lat' dir='ltr'><strong>piendi</strong></span> <span class='ocrx_word' id='word_1_646' title='bbox 311 5145 466 5208; x_wconf 88' lang='lat' dir='ltr'><strong>ministris</strong></span> <span class='ocrx_word' id='word_1_647' title='bbox 479 5145 629 5208; x_wconf 80' lang='lat' dir='ltr'><strong>Ecclesiae</strong></span> <span class='ocrx_word' id='word_1_648' title='bbox 642 5147 829 5220; x_wconf 65' lang='lat' dir='ltr'><strong>reservatos</strong></span> <span class='ocrx_word' id='word_1_649' title='bbox 843 5145 910 5208; x_wconf 91' lang='lat' dir='ltr'><strong>sive</strong></span> <span class='ocrx_word' id='word_1_650' title='bbox 922 5161 982 5224; x_wconf 89' lang='lat' dir='ltr'><strong>pro</strong></span> <span class='ocrx_word' id='word_1_651' title='bbox 1034 5143 1215 5221; x_wconf 90' lang='lat' dir='ltr'><strong>spiritualia</strong></span> <span class='ocrx_word' id='word_1_652' title='bbox 1235 5144 1355 5223; x_wconf 90' lang='lat' dir='ltr'><strong>populo</strong></span> <span class='ocrx_word' id='word_1_653' title='bbox 1369 5145 1589 5222; x_wconf 88' lang='lat' dir='ltr'><strong>dispensantes</strong></span> <span class='ocrx_word' id='word_1_654' title='bbox 1603 5187 1611 5218; x_wconf 92' lang='lat'><strong>,</strong></span> <span class='ocrx_word' id='word_1_655' title='bbox 1627 5160 1692 5204; x_wconf 93' lang='grc' dir='ltr'>ιιοιι</span> <span class='ocrx_word' id='word_1_656' title='bbox 1707 5145 1823 5202; x_wconf 87' lang='lat' dir='ltr'><strong>tenen-</strong></span> 
     </span>
     <span class='ocr_line' id='line_1_59' title="bbox 193 5221 1819 5303; baseline -0.001 -20"><span class='ocrx_word' id='word_1_657' title='bbox 193 5225 382 5288; x_wconf 88' lang='lat' dir='ltr'><strong>necessitate</strong></span> <span class='ocrx_word' id='word_1_658' title='bbox 398 5225 566 5298; x_wconf 73' lang='lat' dir='ltr'><strong>Ecclesia,</strong></span> <span class='ocrx_word' id='word_1_659' title='bbox 583 5223 666 5287; x_wconf 88' lang='lat' dir='ltr'><strong>sicut</strong></span> <span class='ocrx_word' id='word_1_660' title='bbox 683 5224 875 5303; x_wconf 89' lang='lat' dir='ltr'><strong>quibusdam</strong></span> <span class='ocrx_word' id='word_1_661' title='bbox 899 5225 982 5286; x_wconf 88' lang='lat' dir='ltr'><strong>mili·</strong></span> <span class='ocrx_word' id='word_1_662' title='bbox 1033 5227 1087 5283; x_wconf 91' lang='lat' dir='ltr'><strong>tur</strong></span> <span class='ocrx_word' id='word_1_663' title='bbox 1101 5223 1239 5285; x_wconf 87' lang='lat' dir='ltr'><strong>decimas</strong></span> <span class='ocrx_word' id='word_1_664' title='bbox 1254 5224 1350 5292; x_wconf 81' lang='lat' dir='ltr'><strong>dare,</strong></span> <span class='ocrx_word' id='word_1_665' title='bbox 1366 5224 1421 5286; x_wconf 88' lang='lat' dir='ltr'><strong>sed</strong></span> <span class='ocrx_word' id='word_1_666' title='bbox 1435 5226 1571 5302; x_wconf 90' lang='lat' dir='ltr'><strong>possunt</strong></span> <span class='ocrx_word' id='word_1_667' title='bbox 1594 5239 1649 5284; x_wconf 91' lang='lat' dir='ltr'><strong>cas</strong></span> <span class='ocrx_word' id='word_1_668' title='bbox 1665 5221 1819 5299; x_wconf 87' lang='lat' dir='ltr'><strong>recipere.</strong></span> 
     </span>
     <span class='ocr_line' id='line_1_60' title="bbox 192 5301 1820 5384; baseline 0.001 -24"><span class='ocrx_word' id='word_1_669' title='bbox 192 5301 277 5365; x_wconf 90' lang='lat' dir='ltr'><strong>tibus</strong></span> <span class='ocrx_word' id='word_1_670' title='bbox 289 5304 421 5369; x_wconf 78' lang='lat' dir='ltr'><strong>decimae</strong></span> <span class='ocrx_word' id='word_1_671' title='bbox 435 5305 591 5366; x_wconf 89' lang='lat' dir='ltr'><strong>debentur</strong></span> <span class='ocrx_word' id='word_1_672' title='bbox 605 5304 639 5364; x_wconf 92' lang='lat' dir='ltr'><strong>in</strong></span> <span class='ocrx_word' id='word_1_673' title='bbox 657 5303 784 5366; x_wconf 88' lang='lat' dir='ltr'><strong>lendum</strong></span> <span class='ocrx_word' id='word_1_674' title='bbox 799 5323 858 5382; x_wconf 90' lang='lat' dir='ltr'><strong>per</strong></span> <span class='ocrx_word' id='word_1_675' title='bbox 868 5305 982 5367; x_wconf 87' lang='lat' dir='ltr'><strong>Eccle-</strong></span> <span class='ocrx_word' id='word_1_676' title='bbox 1032 5303 1079 5364; x_wconf 89' lang='lat' dir='ltr'><strong>De</strong></span> <span class='ocrx_word' id='word_1_677' title='bbox 1093 5303 1165 5364; x_wconf 91' lang='lat' dir='ltr'><strong>aliis</strong></span> <span class='ocrx_word' id='word_1_678' title='bbox 1179 5301 1256 5364; x_wconf 86' lang='lat' dir='ltr'><strong>verb</strong></span> <span class='ocrx_word' id='word_1_679' title='bbox 1275 5303 1455 5384; x_wconf 80' lang='lat' dir='ltr'><strong>religiosis,</strong></span> <span class='ocrx_word' id='word_1_680' title='bbox 1471 5302 1595 5366; x_wconf 90' lang='lat' dir='ltr'><strong>etiamsi</strong></span> <span class='ocrx_word' id='word_1_681' title='bbox 1611 5303 1675 5364; x_wconf 91' lang='lat' dir='ltr'><strong>sint</strong></span> <span class='ocrx_word' id='word_1_682' title='bbox 1693 5301 1820 5377; x_wconf 86' lang='lat' dir='ltr'><strong>clerici,</strong></span> 
     </span>
     <span class='ocr_line' id='line_1_61' title="bbox 193 5381 1822 5461; baseline 0 -21"><span class='ocrx_word' id='word_1_683' title='bbox 193 5381 273 5444; x_wconf 89' lang='lat' dir='ltr'><strong>siam</strong></span> <span class='ocrx_word' id='word_1_684' title='bbox 287 5401 467 5459; x_wconf 78' lang='lat' dir='ltr'><strong>concessae3</strong></span> <span class='ocrx_word' id='word_1_685' title='bbox 489 5384 556 5446; x_wconf 89' lang='lat' dir='ltr'><strong>sive</strong></span> <span class='ocrx_word' id='word_1_686' title='bbox 570 5383 718 5446; x_wconf 89' lang='lat' dir='ltr'><strong>etiamad</strong></span> <span class='ocrx_word' id='word_1_687' title='bbox 736 5384 982 5447; x_wconf 84' lang='lat' dir='ltr'><strong>subventionem</strong></span> <span class='ocrx_word' id='word_1_688' title='bbox 1034 5382 1090 5460; x_wconf 92' lang='lat' dir='ltr'><strong>qui</strong></span> <span class='ocrx_word' id='word_1_689' title='bbox 1114 5399 1180 5444; x_wconf 92' lang='lat' dir='ltr'><strong>non</strong></span> <span class='ocrx_word' id='word_1_690' title='bbox 1198 5382 1386 5461; x_wconf 89' lang='lat' dir='ltr'><strong>dispensant</strong></span> <span class='ocrx_word' id='word_1_691' title='bbox 1407 5383 1528 5461; x_wconf 89' lang='lat' dir='ltr'><strong>populo</strong></span> <span class='ocrx_word' id='word_1_692' title='bbox 1551 5381 1752 5461; x_wconf 89' lang='lat' dir='ltr'><strong>spiritualia,</strong></span> <span class='ocrx_word' id='word_1_693' title='bbox 1774 5384 1822 5442; x_wconf 89' lang='lat' dir='ltr'><strong>est</strong></span> 
     </span>
     <span class='ocr_line' id='line_1_62' title="bbox 191 5461 1822 5617; baseline 0 -16"><span class='ocrx_word' id='word_1_694' title='bbox 191 5463 689 5608; x_wconf 55' lang='lat' dir='ltr'><strong>liliataiiltlllltlii</strong></span> <span class='ocrx_word' id='word_1_695' title='bbox 702 5463 979 5606; x_wconf 65' lang='lat' dir='ltr'><strong>‘altaalta</strong></span> <span class='ocrx_word' id='word_1_696' title='bbox 1034 5462 1293 5604; x_wconf 68' lang='lat' dir='ltr'><strong>listina</strong></span> <span class='ocrx_word' id='word_1_697' title='bbox 1309 5461 1822 5617; x_wconf 52' lang='lat' dir='ltr'><strong>tllffiltliltdilaiiii</strong></span> 
     </span>
     <span class='ocr_line' id='line_1_63' title="bbox 191 5589 1821 5703; baseline -0.002 -20"><span class='ocrx_word' id='word_1_698' title='bbox 191 5637 264 5699; x_wconf 74' lang='lat' dir='ltr'><strong>quaa</strong></span> <span class='ocrx_word' id='word_1_699' title='bbox 279 5623 409 5688; x_wconf 76' lang='lat' dir='ltr'><strong>decimas</strong></span> <span class='ocrx_word' id='word_1_700' title='bbox 421 5628 497 5687; x_wconf 89' lang='lat' dir='ltr'><strong>sunt</strong></span> <span class='ocrx_word' id='word_1_701' title='bbox 511 5641 671 5687; x_wconf 78' lang='lat' dir='ltr'><strong>concessa</strong></span> <span class='ocrx_word' id='word_1_702' title='bbox 682 5642 741 5703; x_wconf 88' lang='lat' dir='ltr'><strong>per</strong></span> <span class='ocrx_word' id='word_1_703' title='bbox 752 5623 881 5684; x_wconf 92' lang='lat' dir='ltr'><strong>modum</strong></span> <span class='ocrx_word' id='word_1_704' title='bbox 894 5589 982 5686; x_wconf 72' lang='lat' dir='ltr'><strong>elee-</strong></span> <span class='ocrx_word' id='word_1_705' title='bbox 1033 5622 1269 5684; x_wconf 90' lang='lat' dir='ltr'><strong>immunitatem</strong></span> <span class='ocrx_word' id='word_1_706' title='bbox 1283 5619 1460 5684; x_wconf 76' lang='lat' dir='ltr'><strong>secundum</strong></span> <span class='ocrx_word' id='word_1_707' title='bbox 1474 5621 1618 5684; x_wconf 88' lang='lat' dir='ltr'><strong>diversas</strong></span> <span class='ocrx_word' id='word_1_708' title='bbox 1633 5619 1821 5684; x_wconf 86' lang='lat' dir='ltr'><strong>concessio·-</strong></span> 
     </span>
     <span class='ocr_line' id='line_1_64' title="bbox 190 5700 1595 5785; baseline 0.001 -25"><span class='ocrx_word' id='word_1_709' title='bbox 190 5717 345 5783; x_wconf 80' lang='lat' dir='ltr'><strong>mosynae.</strong></span> <span class='ocrx_word' id='word_1_710' title='bbox 361 5704 560 5780; x_wconf 87' lang='lat' dir='ltr'><strong>Quibusdam</strong></span> <span class='ocrx_word' id='word_1_711' title='bbox 576 5710 685 5768; x_wconf 90' lang='lat' dir='ltr'><strong>tamen</strong></span> <span class='ocrx_word' id='word_1_712' title='bbox 707 5703 866 5785; x_wconf 76' lang='lat' dir='ltr'><strong>religiosis</strong></span> <span class='ocrx_word' id='word_1_713' title='bbox 888 5719 981 5765; x_wconf 88' lang='lat' dir='ltr'><strong>com·</strong></span> <span class='ocrx_word' id='word_1_714' title='bbox 1034 5719 1091 5765; x_wconf 86' lang='lat' dir='ltr'><strong>nes</strong></span> <span class='ocrx_word' id='word_1_715' title='bbox 1106 5705 1151 5766; x_wconf 88' lang='lat' dir='ltr'><strong>eis</strong></span> <span class='ocrx_word' id='word_1_716' title='bbox 1166 5703 1186 5766; x_wconf 88' lang='lat' dir='ltr'><strong>d</strong></span> <span class='ocrx_word' id='word_1_717' title='bbox 1200 5701 1278 5765; x_wconf 88' lang='lat' dir='ltr'><strong>Sede</strong></span> <span class='ocrx_word' id='word_1_718' title='bbox 1293 5700 1469 5780; x_wconf 81' lang='lat' dir='ltr'><strong>apostolica</strong></span> <span class='ocrx_word' id='word_1_719' title='bbox 1483 5700 1595 5764; x_wconf 88' lang='lat' dir='ltr'><strong>lactas.</strong></span> 
     </span>
     <span class='ocr_line' id='line_1_65' title="bbox 190 5780 1821 5863; baseline 0 -21"><span class='ocrx_word' id='word_1_720' title='bbox 190 5783 269 5858; x_wconf 91' lang='lat' dir='ltr'><strong>petit</strong></span> <span class='ocrx_word' id='word_1_721' title='bbox 293 5784 438 5862; x_wconf 91' lang='lat' dir='ltr'><strong>accipere</strong></span> <span class='ocrx_word' id='word_1_722' title='bbox 460 5785 600 5849; x_wconf 88' lang='lat' dir='ltr'><strong>decimas</strong></span> <span class='ocrx_word' id='word_1_723' title='bbox 622 5803 664 5846; x_wconf 88' lang='lat' dir='ltr'><strong>ex</strong></span> <span class='ocrx_word' id='word_1_724' title='bbox 689 5800 729 5846; x_wconf 89' lang='lat' dir='ltr'><strong>eo</strong></span> <span class='ocrx_word' id='word_1_725' title='bbox 754 5783 840 5863; x_wconf 83' lang='lat' dir='ltr'><strong>qu&#39;dd</strong></span> <span class='ocrx_word' id='word_1_726' title='bbox 860 5783 982 5846; x_wconf 89' lang='lat' dir='ltr'><strong>babent</strong></span> <span class='ocrx_word' id='word_1_727' title='bbox 1074 5782 1120 5843; x_wconf 82' lang='lat' dir='ltr'><strong>Ad</strong></span> <span class='ocrx_word' id='word_1_728' title='bbox 1137 5784 1266 5846; x_wconf 88' lang='lat' dir='ltr'><strong>tertium</strong></span> <span class='ocrx_word' id='word_1_729' title='bbox 1289 5781 1458 5844; x_wconf 90' lang='lat' dir='ltr'><strong>dicendum</strong></span> <span class='ocrx_word' id='word_1_730' title='bbox 1474 5781 1559 5859; x_wconf 85' lang='lat' dir='ltr'><strong>qubd</strong></span> <span class='ocrx_word' id='word_1_731' title='bbox 1582 5781 1615 5842; x_wconf 92' lang='lat' dir='ltr'><strong>in</strong></span> <span class='ocrx_word' id='word_1_732' title='bbox 1628 5781 1728 5845; x_wconf 85' lang='lat' dir='ltr'><strong>veteri</strong></span> <span class='ocrx_word' id='word_1_733' title='bbox 1750 5780 1821 5861; x_wconf 86' lang='lat' dir='ltr'><strong>lege</strong></span> 
     </span>
     <span class='ocr_line' id='line_1_66' title="bbox 190 5859 1819 5943; baseline 0.002 -22"><span class='ocrx_word' id='word_1_734' title='bbox 190 5878 303 5928; x_wconf 87' lang='lat' dir='ltr'><strong>curam</strong></span> <span class='ocrx_word' id='word_1_735' title='bbox 317 5863 509 5930; x_wconf 86' lang='lat' dir='ltr'><strong>animarum.</strong></span> <span class='ocrx_word' id='word_1_736' title='bbox 1033 5863 1183 5943; x_wconf 80' lang='lat' dir='ltr'><strong>primitiae</strong></span> <span class='ocrx_word' id='word_1_737' title='bbox 1202 5863 1403 5926; x_wconf 89' lang='lat' dir='ltr'><strong>debebantur</strong></span> <span class='ocrx_word' id='word_1_738' title='bbox 1426 5861 1668 5942; x_wconf 86' lang='lat' dir='ltr'><strong>sacerdotibus,</strong></span> <span class='ocrx_word' id='word_1_739' title='bbox 1689 5859 1819 5928; x_wconf 74' lang='lat' dir='ltr'><strong>decim·</strong></span> 
     </span>
    </p>
   </div>
   <div class='ocr_carea' id='block_1_7' title="bbox 0 0 2063 6340">
    <p class='ocr_par' dir='ltr' id='par_1_14' title="bbox 0 0 2063 6340">
     <span class='ocr_line' id='line_1_67' title="bbox 0 0 2063 6340; baseline 0 0"><span class='ocrx_word' id='word_1_740' title='bbox 0 0 2063 6340; x_wconf 95' lang='lat' dir='ltr'><strong> </strong></span> 
     </span>
    </p>
   </div>
  </div>
 </body>
</html>
