4070 6338
174 368 247 432 ιιιι
353 361 489 438 ounsr.
509 365 675 425 ιιιιιιιι.
695 363 740 425 ιι
758 363 814 424 nis
831 361 913 436 oua
931 358 1107 424 mucram
1125 363 1265 426 suarna
1283 365 1543 444 rrnmcrronrs,
1565 385 1629 436 nc.
1729 378 1801 440 ιιιι
1932 375 1937 389 ‘

174 484 382 566 cuddnnllus
397 483 432 546 in
441 484 502 547 liae
513 482 580 547 uita
595 483 697 562 possit
706 499 778 544 esee
830 479 959 544 ricolus.
1014 484 1064 544 est
1078 484 1245 560 peccatum
1254 484 1400 558 mortale,
1412 489 1444 548 et
1455 488 1524 552 sinc
1537 489 1595 564 tali
1608 491 1807 577 perfectione

173 566 527 644 Diciteuimllpostolus
537 565 551 625 l
561 563 634 630 Cou-
644 564 692 632 13,
701 562 782 624 too
808 561 963 623 invenerit
1015 562 1154 626 charitas
1170 581 1239 626 esse
1253 581 1323 633 non,
1332 568 1447 644 potest,
1460 567 1544 633 unde
1555 574 1604 640 cst
1615 572 1654 644 de
1667 573 1805 644 necessi.

173 646 496 739 pnodpasectumest,
513 641 858 726 cancuobitnrpaodes
869 649 962 720 porte
1014 644 1223 717 tatesalutis3
1238 644 1302 706 alio
1315 645 1451 718 mndcin
1486 651 1675 726 uantumab
1689 652 1804 734 appot.

175 727 354 789 eoseum
376 724 437 788 hdo
453 722 518 786 vita
532 741 600 784 non
617 727 793 784 evacuatur
805 720 892 800 quod
920 737 963 783 ex
1015 721 1154 784 bominis
1169 723 1350 787 excluditur
1360 742 1426 796 non
1437 666 1542 796 aldum
1556 727 1638 804 illud
1658 733 1744 811 qnod
1757 741 1805 806 est

173 810 491 884 parteostzmanent
507 803 593 865 enim
614 803 649 863 in
669 801 730 864 bac
750 799 815 864 vita
832 799 908 862 fidos
931 803 964 862 et
1015 799 1162 866 charitati
1180 803 1389 878 contrarium,
1408 806 1465 868 sed
1489 808 1586 869 etiam
1607 827 1702 884 omne
1726 813 1804 891 iilud

173 903 261 964 spes,
273 902 345 962 pum
362 888 439 946 sunt
455 902 497 946 ex
511 889 611 962 parto·
627 882 714 962 Ergo
726 881 836 943 nullm
854 881 889 941 in
901 877 962 945 bdc
1015 882 1100 958 quod
1119 882 1250 960 impedit
1267 901 1309 945 ne
1320 882 1452 953 allectus
1467 887 1583 952 mentis
1596 889 1737 966 totaliter
1758 891 1804 968 di.

172 963 240 1028 uita
249 970 297 1028 est
308 963 478 1042 perlectus.
1014 959 1138 1052 rigatur
1152 963 1192 1023 ad
1208 963 1325 1037 Deum3
1351 965 1421 1026 sine
1435 965 1505 1056 qua
1521 966 1715 1062 perlectionc
1728 972 1805 1050 cba-

211 1044 241 1107 a.
256 1046 428 1116 Praeterea,
444 1041 620 1120 perlectum
634 1039 745 1102 edoni
760 1039 841 1100 nibil
861 1038 960 1124 deest,
1014 1045 1094 1102 ritas
1116 1059 1186 1102 esse
1209 1046 1334 1120 potest,
1362 1042 1441 1132 puttl
1462 1043 1497 1110 iu
1520 1046 1748 1128 incipientibus
1773 1055 1806 1121 et

172 1122 565 1202 uldicttnrtnaanystc,
590 1125 670 1182 text.
692 1120 742 1180 33
768 1119 830 1181 Sed
852 1120 960 1180 nullus
1014 1120 1266 1220 proficientibus.
1318 1177 1321 1204 ,

172 1207 220 1268 cst
233 1204 269 1266 iu
278 1201 339 1266 bac
350 1199 414 1264 vital
441 1202 494 1262 cui
517 1219 582 1262 uon
598 1201 680 1262 desit
694 1201 735 1261 al'
761 1200 832 1260 uid:
846 1197 963 1260 dicitur
1055 1198 1102 1260 la
1115 1200 1342 1282 primumergo
1353 1200 1521 1272 dicendum
1534 1204 1620 1284 quod
1630 1208 1804 1291 Apostolus

171 1283 259 1349 enim
269 1282 382 1346 iacobi
392 1280 521 1350 aazia
530 1279 706 1360 mottiscffe
752 1279 961 1348 immemorem
1016 1277 1060 1338 ibi
1070 1280 1214 1357 loquitur
1230 1280 1268 1341 do
1289 1279 1482 1360 perfectione
1497 1285 1622 1364 patrie,
1641 1304 1714 1367 quae
1737 1307 1804 1357 non

171 1367 203 1422 et
233 1361 269 1424 iu
287 1361 367 1438 psal.
395 1359 463 1436 138,
490 1359 546 1433 lb,
571 1359 686 1422 dicitur
713 1359 963 1438 :inperfectum
1014 1360 1110 1420 estin
1129 1358 1181 1421 vid
1196 1359 1368 1438 possibilis.

170 1439 428 1501 memnvidcrunt
446 1439 531 1500 oculi
558 1439 615 1500 tat.
634 1439 718 1519 Ergo
743 1437 961 1502 nultusestin
1054 1437 1102 1498 rid
1117 1438 1293 1502 secundum
1307 1439 1475 1502 dicendum
1508 1441 1573 1514 ulid
1589 1443 1706 1526 illiqui
1727 1453 1805 1522 sunt

171 1517 233 1585 bac
246 1519 312 1584 vita
326 1519 494 1596 perlectus.
1014 1517 1048 1578 ln
1062 1517 1123 1580 bio
1136 1517 1200 1580 rita
1234 1517 1355 1590 ertecti,
1372 1519 1405 1579 in
1421 1522 1502 1582 mult
1538 1521 1690 1590 dicuntur
1704 1527 1804 1590 olien-

211 1597 241 1658 3.
258 1600 425 1672 Praetcrea‚
439 1595 593 1678 perfectio
607 1594 962 1668 vitaehristianresic-
990 1667 993 1672 ¹
1013 1596 1088 1659 dere
1107 1536 1281 1659 secundum
1298 1602 1429 1681 peccata
1443 1601 1594 1678 venialia,
1604 1622 1676 1686 quae
1688 1623 1805 1670 eonse-

170 1681 209 1743 ut
232 1677 420 1742 dictumest
443 1681 504 1739 art.
520 1693 629 1754 prae,
646 1675 820 1738 attenditur
843 1691 962 1738 secun-
1014 1677 1161 1754 quuntur
1188 1693 1229 1737 ex
1248 1676 1433 1739 infirmitate
1456 1683 1622 1758 presentis
1650 1683 1723 1748 vitta
1745 1706 1753 1747 ε
1772 1690 1805 1754 et

170 1755 246 1823 ddtu
262 1757 461 1826 charitatem,
470 1757 614 1834 unasub
625 1771 659 1816 se
670 1754 961 1834 comprehenditdi-
1036 1753 1171 1818 uantitm
1185 1755 1301 1818 adhoc
1315 1756 1412 1819 etiam
1422 1758 1542 1822 habent
1551 1761 1673 1842 aliquid
1687 1764 1805 1845 imper-

169 1835 341 1898 lcctioucm
357 1837 414 1900 bei
438 1840 470 1897 et
492 1834 643 1913 proni-i.
661 1833 720 1894 Sed
742 1831 900 1912 quantiam
921 1833 960 1894 ad
1013 1773 1130 1896 drotum
1147 1853 1205 1914 per
1224 1836 1498 1916 comparationem
1517 1839 1558 1903 ad
1576 1841 1804 1922 perfectionem

170 1913 373 1980 dilectionem
394 1916 464 1986 Dei,
489 1931 557 1974 non
581 1917 686 1991 potest
709 1913 827 1995 aliquis
851 1911 962 1990 perle-
1012 1914 1135 1994 patriae.

171 2000 254 2058 ctam
269 1996 460 2060 charitatem
472 1992 577 2056 tnnac
592 1993 659 2055 rita
671 1992 801 2068 babere,
819 1992 909 2068 qula,
925 1996 962 2054 ut
1052 1994 1101 2054 Ad
1127 1995 1258 2056 tertium
1281 1994 1451 2058 dicendum
1477 1995 1564 2076 qnod
1593 1999 1677 2064 elcut
1700 2003 1805 2076 statue

171 2073 543 2153 Gregoriusdicitsupcr
571 2072 687 2162 Eaecln
705 2071 804 2162 (bom.
821 2069 870 2141 lb,
897 2087 962 2162 pa·
1012 2075 1179 2152 presentis
1210 2076 1283 2137 vim
1311 2093 1376 2137 non
1403 2076 1527 2216 Batitur
1548 2081 1584 2141 ul
1609 2078 1832 2146 homonem.

170 2150 243 2216 raim
260 2151 406 2231 antedi,
420 2152 641 2230 amorisigmn,
659 2167 712 2231 qut
727 2150 962 2212 bicorderem-
1014 2170 1072 2233 per
1096 2157 1169 2214 actu
1195 2153 1316 2216 teratur
1342 2156 1375 2217 in
1432 2173 1525 2232 erim,
1545 2157 1591 2221 ita
1613 2159 1709 2222 etiam
1736 2180 1806 2232 non

171 2231 272 2300 odom,
290 2231 357 2292 crim
369 2233 470 2310 ipsum
482 2248 569 2311 poem
584 2239 677 2297 ornat,
692 2229 815 2298 viderit,
828 2228 961 2310 amplide
1013 2233 1135 2312 patitur
1148 2233 1234 2312 quon
1244 2239 1319 2296 actu
1332 2233 1454 2302 teratur
1466 2236 1498 2296 in
1510 2253 1622 2308 omnes
1657 2239 1802 2308 roximop

169 2310 722 2456 tttdttttltttttttffl
735 2310 962 2450 33301Μέιῖ
1013 2257 1689 2457 :illita³.t⁰l.:tltl.tttll⁰‘d³¹‘
1703 2338 1805 2414 ·⁰⁰¹¹¹‘

170 2410 283 2532 sdffius
299 2471 335 2533 iu
347 2411 410 2532 dde
422 2410 491 2560 ¹trita
505 2408 621 2561 odeas
633 2407 962 2559 prodidmosuactudli-
1013 2413 1297 2562 mendicantur,
1314 2475 1346 2534 et
1362 2470 1537 2566 secundum
1556 2413 1806 2570 dnimdpddgffi:

169 2553 220 2610 ter
232 2549 374 2630 diligero,
391 2553 450 2612 ctsr
467 2549 679 2612 habitualrter
689 2564 748 2608 eos
761 2547 932 2626 diligamus
950 2567 959 2606 ι
1013 2554 1182 2611 rationem.
1199 2552 1305 2612 Potest
1318 2557 1427 2614 autem
1440 2557 1537 2620 etnam
1553 2570 1639 2618 circa
1653 2556 1804 2622 dilectio-

169 2629 297 2691 dilectio
313 2634 421 2692 autem
436 2628 609 2690 habitualis
625 2625 812 2705 imperfecta
823 2629 881 2687 est.
899 2627 963 2687 Er·
1014 2645 1088 2690 nem
1100 2629 1240 2708 proximi
1258 2629 1377 2710 duplex
1419 2631 1549 2694 ertectio
1566 2635 1701 2712 attendi,
1719 2638 1808 2706 sicut

170 2726 211 2789 go
225 2710 351 2772 videtur
367 2706 452 2785 quod
465 2708 573 2774 nullus
585 2707 618 2768 in
632 2705 692 2770 bac
707 2705 771 2768 vita
778 2705 879 2784 possit
890 2723 962 2768 esso
1014 2711 1045 2770 et
1060 2709 1145 2770 circa
1165 2709 1368 2772 ditectionem
1413 2711 1443 2774 ei
1460 2728 1550 2774 :una
1570 2711 1715 2796 quidem,
1733 2717 1804 2782 sine

171 2788 344 2866 perlectus.
1013 2787 1079 2867 qud
1092 2789 1232 2850 ebaritas
1247 2806 1318 2851 esse
1332 2807 1399 2852 non
1411 2793 1528 2868 potest,
1542 2793 1579 2852 nt
1601 2793 1722 2858 scillcet
1736 2795 1805 2858 bo«

210 2867 269 2930 Sed
287 2868 401 2932 contra
419 2868 468 2930 cst
482 2866 559 2943 quia
573 2865 627 2928 len
640 2864 750 2926 divina
761 2881 828 2926 non
840 2863 962 2928 inducit
1013 2885 1066 2928 nno
1078 2867 1323 2938 nibilbabeatin
1333 2868 1539 2949 allectuquod
1553 2869 1803 2941 sitcontrarium

170 2945 211 3008 ad
233 2945 441 3024 impossibile.
459 2945 587 3008 luducit
607 2947 716 3006 autem
737 2943 778 3006 ad
791 2943 963 3022 perlectio-
1013 2946 1175 3010 dilectioni
1207 2948 1366 3026 proximi3
1393 2949 1458 3016 alia
1494 2953 1613 3025 autem,
1636 2951 1712 3016 'sine
1738 2953 1806 3036 qui

171 3043 262 3098 nem,
286 3022 463 3116 secundum
485 3024 566 3088 illud
585 3023 698 3086 Malta.
726 3021 757 3094 5,
769 3022 808 3084 to
823 3043 833 3115 ².
847 3024 964 3086 dstote
1014 3027 1308 3121 ebaritasinyeniri
1319 3032 1423 3106 potest
1438 3048 1446 3087 ι
1462 3045 1535 3122 qua
1550 3029 1680 3110 quidem
1691 3037 1804 3096 atten..

170 3103 964 3262 tallattiall‘trtttitt‘tlttttt
1014 3105 1450 3261 tantillitati,
1471 3107 1807 3256 titillabit

171 3261 275 3342 possit
286 3280 361 3327 esse
370 3262 540 3340 perlectus.
1014 3280 1081 3324 non
1095 3260 1200 3324 soblm
1217 3263 1328 3344 diligat
1342 3265 1462 3332 amicos
1472 3269 1507 3326 et
1518 3267 1623 3356 notos,
1642 3267 1698 3330 sed
1709 3211 1807 3334 edam

210 3341 400 3420 despondeo
420 3341 590 3406 dicendum
610 3338 707 3417 qnod,
737 3339 819 3400 sicut
843 3338 963 3401 dictum
1014 3345 1187 3404 extraneos
1202 3346 1234 3404 ct
1251 3341 1387 3405 utterlds
1401 3343 1566 3424 inimicosg
1583 3343 1646 3408 hoc
1660 3349 1757 3426 enim,
1770 3353 1808 3422 ut

171 3429 220 3486 ast
243 3426 303 3484 art.
328 3438 437 3500 praec,
451 3419 602 3497 perfectio
623 3419 696 3480 vitm
723 3417 906 3480 christiana
929 3419 964 3478 in
1014 3421 1090 3483 dicit
1109 3421 1364 3501 Augustinus,in
1391 3421 1568 3499 Encbirid,
1594 3440 1665 3509 cap.
1694 3425 1744 3502 13,
1763 3435 1808 3492 eet

172 3500 326 3564 charitate
348 3499 505 3564 consistit.
521 3500 677 3574 lmporlat
690 3501 798 3558 autom
810 3496 963 3576 perfectio
1010 3502 1222 3594 perfectorum
1235 3501 1387 3581 tiliorum
1394 3503 1464 3563 Dei.
1478 3501 1808 3570 Secunddsecunddm

172 3580 346 3660 qnamdam
370 3578 656 3652 universalitatem,
670 3577 767 3654 quia,
786 3582 823 3638 ut
848 3577 964 3637 dicitnr
1015 3581 1322 3658 intentionemque
1332 3581 1510 3643 ostenditur
1521 3583 1700 3668 exbisqnae
1710 3587 1810 3651 homo

172 3659 207 3725 iu
224 3659 362 3738 tll'bys,
378 3663 457 3720 text.
477 3657 533 3730 bt,
549 3655 724 3733 perlectum
746 3661 795 3716 est
812 3657 866 3717 cui
883 3655 964 3716 nihil
1015 3664 1149 3737 propter
1157 3659 1344 3737 proximum
1358 3662 1546 3737 contemnit,
1563 3665 1599 3722 ul
1614 3663 1736 3730 scilicet
1749 3667 1809 3728 lm·

172 3739 272 3804 deest.
293 3741 398 3806 Potest
417 3754 493 3816 ergo
511 3736 629 3816 triplex
643 3735 798 3814 perfectio
815 3735 964 3797 conside-
1014 3755 1069 3798 mo
1096 3743 1280 3800 contemnat
1306 3756 1371 3801 non
1400 3736 1506 3802 sollum
1531 3743 1694 3805 exteriora
1722 3745 1811 3815 bona

172 3819 251 3880 rari.
276 3819 347 3884 Una
366 3817 495 3896 guidem
512 3814 677 3886 absoluta,
702 3831 775 3892 qum
788 3815 967 3876 attenditur
1014 3822 1147 3896 proptor
1173 3819 1377 3896 proximum,
1401 3819 1458 3880 sed
1491 3819 1587 3882 etiam
1617 3819 1806 3894 afflictiones

173 3915 241 3960 non
263 3893 369 3960 solum
391 3893 568 3961 secundino
591 3893 782 3956 totalitatem
803 3911 843 3955 ex
870 3897 965 3972 parto
1016 3897 1212 3982 corporales,
1240 3903 1272 3958 et
1297 3895 1432 3961 ulterirls
1457 3901 1604 3975 mortem,
1631 3901 1809 3976 secundbm

174 3975 352 4055 diligentis,
384 3977 440 4040 sed
470 3976 566 4038 etiam
594 3977 753 4052 exparte
781 3973 961 4052 diligibilis,
1015 3975 1095 4038 illud
1109 3976 1202 4038 toan.
1218 3973 1268 4050 lli,
1283 3975 1321 4037 13
1337 3997 1345 4036 ι
1364 3977 1519 4058 Majorem
1536 3979 1733 4042 dilectionem
1751 3999 1809 4043 oe-

174 4059 271 4136 prom
284 4057 403 4120 scilicet
423 4057 509 4118 Deus
532 4051 658 4136 brutum
673 4053 836 4132 diligitur,
852 4071 965 4132 quan-
1015 4073 1065 4116 mo
1086 4054 1279 4143 habetqudm
1297 4057 1483 4120 atoniacam
1507 4077 1593 4119 mom
1614 4065 1718 4150 ponat
1758 4061 1808 4124 ute

174 4131 243 4202 tum
256 4135 419 4214 diligibilis
433 4140 482 4200 est
499 4153 507 4192 :
526 4138 557 4196 et
572 4133 646 4196 talis
663 4133 815 4212 perfectio
832 4149 898 4194 non
916 4137 964 4194 est
1012 4153 1075 4216 pro
1091 4135 1198 4197 amicis
1208 4137 1284 4197 suto.
1304 4136 1422 4211 Tertid,
1437 4134 1595 4276 ‹Luantdm
1609 4137 1648 4210 ad
1661 4079 1809 4220 edccdum

174 4216 336 4294 possibilis
348 4215 445 4276 alicui
462 4216 636 4285 creature,
659 4211 715 4274 sed
736 4214 885 4292 competit
903 4213 964 4274 soli
1017 4215 1208 4288 dilectionis,
1232 4219 1269 4276 ut
1293 4217 1415 4278 scilicet
1467 4234 1541 4279 omo
1565 4233 1624 4294 pro
1651 4219 1807 4304 proximis

173 4295 252 4368 Deo,
268 4295 303 4358 in
316 4296 513 4371 quobonum
534 4292 733 4372 integraliter
753 4297 786 4354 et
804 4293 965 4357 essentia·-
1016 4293 1180 4434 impondat
1200 4311 1265 4355 non
1284 4294 1389 4356 solirm
1413 4295 1603 4374 temporalia
1630 4295 1808 4382 beneficiap

173 4373 432 4434 literinvenitur.
1016 4391 1052 4438 se
1093 4375 1190 4434 etiam
1218 4373 1410 4452 spiritualia,
1441 4378 1472 4434 et
1492 4369 1628 4436 ulterius
1652 4377 1806 4460 seipsum,

216 4449 288 4514 Alia
302 4455 412 4514 autem
439 4453 486 4512 est
513 4449 666 4527 perlectio
690 4467 763 4528 quae
790 4451 965 4514 attenditur
1017 4448 1194 4516 secundum
1207 4451 1285 4512 illud
1295 4451 1439 4530 Apostoli
1453 4451 1520 4514 iad
1533 4451 1677 4518 Corinth.
1690 4455 1806 4532 tata:

175 4527 351 4596 secuudum
377 4528 566 4592 totalitatem
594 4529 776 4590 absolutam
808 4548 849 4592 cx
874 4536 965 4608 parto
1017 4531 1090 4610 Epo
1110 4539 1212 4591 nutem
1236 4529 1435 4592 libentissimi
1448 4530 1631 4610 impendam,
1653 4542 1682 4600 et
1697 4553 1810 4618 cuper.

175 4609 335 4690 diligentis
349 4630 357 4683 ;
383 4611 479 4688 prout
501 4606 623 4670 scilicet
641 4606 773 4669 allectus
789 4607 965 4669 seeundum
1017 4610 1181 4688 impendar
1196 4608 1262 4688 ipre
1271 4625 1334 4688 pro
1345 4609 1506 4672 animabar
1520 4613 1643 4680 vesnia.

175 4695 279 4756 totum
298 4707 395 4754 suum
406 4706 502 4768 posse
527 4703 654 4763 semper
674 4686 843 4750 actualiter
866 4687 966 4748 tendit
1017 4691 1198 4752 narremus
1210 4705 1258 4748 ιιι.
1274 4721 1312 4734 -
1327 4687 1597 4830 diremptorem
1613 4693 1813 4764 concitatio
1842 4727 1846 4736 ·

175 4772 209 4832 in
219 4771 322 4832 Deum
336 4790 343 4828 :
356 4773 387 4832 et
400 4769 474 4831 talis
485 4766 715 4846 perlectiouou
734 4769 784 4828 est
803 4765 966 4844 possibilis
1053 4766 1222 4848 preceptis
1242 4785 1285 4828 oo
1303 4768 1339 4830 bo
1354 4771 1441 4832 ocari
1454 4769 1505 4831 iio.
1515 4805 1553 4816 —-
1568 4770 1602 4852 (3
1615 4781 1713 4852 cont,
1738 4792 1775 4836 co
1799 4818 1807 4835 .

175 4852 210 4912 in
232 4850 294 4923 vid,
310 4849 436 4913 sederit
448 4849 480 4908 in
494 4843 608 4925 patrid.
1058 4848 1128 4922 130,
1146 4853 1175 4908 ot
1188 4847 1295 4928 quedl.
1311 4847 1342 4921 2,
1357 4863 1425 4928 cop.
1440 4847 1492 4926 itt,
1516 4851 1557 4914 od
1575 4850 1606 4926 3,
1627 4859 1658 4912 ct
1679 4869 1730 4935 op.
1757 4791 1807 4939 td,

216 4929 324 4994 Tertia
343 4933 452 4994 autam
466 4932 514 4990 est
531 4924 685 5004 perfectio
703 4941 776 5003 qum
787 4941 896 5002 neque
914 4928 967 4990 at-
1059 4945 1127 5006 cop.
1142 4927 1187 5007 a.)

175 5009 318 5072 tenditur
333 5005 508 5072 secundum
522 5006 713 5068 totalitatem
726 5023 765 5067 ex
778 5010 869 5084 parte
886 5005 966 5067 dili·
1058 5007 1107 5070 Ad
1119 5007 1249 5068 tertium
1263 5007 1309 5072 sic
1322 5007 1514 5086 proceditur.
1534 5010 1563 5070 1.
1579 5008 1713 5081 Videtur
1723 5009 1810 5094 qudd

199 5089 297 5162 bilis,
310 5107 416 5167 noque
430 5083 605 5152 secundicm
619 5085 807 5148 totalitatem
820 5103 862 5148 ex
876 5089 967 5165 parte
1019 5086 1172 5166 perfectio
1198 5088 1270 5150 vitm
1295 5103 1360 5148 non
1387 5089 1542 5152 consistat
1569 5088 1604 5149 in
1628 5091 1822 5175 preceptis,

176 5107 348 5249 diligentis,
363 5165 520 5246 quantum
533 5165 573 5230 ad
583 5164 645 5228 huo
657 5163 742 5242 quod
753 5183 878 5248 semper
892 5171 967 5228 actu
1020 5168 1075 5229 sed
1088 5166 1122 5226 in
1136 5167 1291 5228 consiliis.
1307 5168 1391 5229 Dicit
1410 5168 1494 5229 enim
1514 5167 1682 5242 Dominus,
1694 5169 1807 5239 Mattb.
1822 5193 1824 5202 ·

176 5247 299 5312 teratur
314 5247 347 5308 iu
362 5249 475 5318 Deum,
492 5245 546 5308 sed
560 5243 719 5322 quantum
734 5245 775 5308 ad
794 5247 856 5306 boc
881 5245 968 5384 guod
1020 5247 1069 5320 19,
1085 5246 1122 5306 at
1134 5266 1141 5306 :
1153 5247 1191 5308 Si
1200 5247 1247 5308 vir
1254 5247 1413 5328 perfectus
1424 5264 1493 5315 osse,
1507 5245 1590 5316 oudo,
1602 5249 1809 5320 ocodeomoio
1900 5297 1906 5312 .

178 5327 392 5403 excludantur
407 5340 531 5402 eaquae
552 5326 737 5403 repugnant
754 5325 854 5386 motui
903 5326 968 5386 ile-
1019 5345 1086 5406 qun
1100 5323 1199 5394 babeo,
1217 5333 1246 5386 ct
1267 5325 1308 5387 do
1319 5324 1522 5408 pauperibus,
1539 5334 1567 5386 et
1580 5328 1662 5397 oeni,
1686 5347 1717 5388 oe
1737 5346 1811 5401 uere

177 5407 290 5470 ctionis
308 5408 341 5468 in
363 5407 475 5474 Deum,
500 5404 584 5464 sicut
609 5404 809 5481 Augustinus
828 5404 904 5466 dicit
932 5405 966 5465 in
1019 5423 1075 5466 me.
1092 5405 1151 5465 Sed
1172 5405 1259 5468 istud
1282 5410 1330 5468 est
1351 5405 1531 5466 consilium.
1556 5405 1641 5488 Ergo
1656 5425 1695 5489 pe
1726 5409 1809 5472 ectio

175 5485 234 5550 lib.
248 5485 287 5548 83
305 5488 382 5562 QQ„
398 5503 453 5564 qu.
468 5483 518 5555 36,
536 5499 601 5544 non
614 5481 708 5560 lougd
721 5479 866 5559 aprina,
881 5483 969 5560 qudd
1019 5483 1194 5546 attenditur
1209 5481 1384 5546 secundtlm
1399 5485 1545 5562 consilia,
1564 5489 1596 5549 et
1606 5503 1671 5553 non
1686 5504 1810 5552 secun-

176 5585 326 5628 oeacnum
348 5565 510 5628 claritatis
540 5570 582 5622 cst
611 5562 783 5639 cupiditas,
815 5563 966 5641 perfectio
1019 5561 1277 5643 ddmpraecepta.

177 5645 267 5708 uallo
282 5647 446 5724 cupiditas.
471 5645 509 5704 Et
529 5642 601 5704 talis
625 5641 778 5719 perfectio
805 5647 908 5720 potest
932 5643 966 5702 in
1059 5645 1090 5704 2.
1112 5647 1285 5718 Praeterea,
1308 5643 1348 5704 ad
1372 5643 1611 5708 observantiam
1630 5647 1810 5724 precepto*

178 5723 242 5817 bac
255 5723 320 5786 vita
334 5725 464 5798 tabern
478 5729 508 5786 et
522 5724 582 5784 hoc
596 5721 766 5816 duplic-iter
775 5742 782 5784 ι
792 5739 858 5784 uno
873 5722 967 5814 modo
1019 5740 1093 5788 rum
1106 5742 1216 5818 omnes
1234 5727 1394 5796 tenentur,
1409 5722 1482 5818 edm
1496 5725 1606 5817 sintde
1618 5727 1809 5820 necessitate

180 5802 969 5962 111111111131111131111111
1021 5803 1810 5969 ablati,tal..ttfltttttlttttltttt
