4080 6346
501 310 548 350 7...

288 359 340 417 235
729 345 859 407 SUlfflAE
878 337 1104 406 THEOLOGchli
1122 347 1283 408 SECUNDA
1300 349 1478 409 SECUNDAE.
1850 363 1892 422 ηε,

284 489 388 537 nsinni
401 475 503 533 cntnn
522 455 598 532 non.
621 465 719 547 Ergo
732 453 979 546 magnanimitas
1010 479 1076 525 non
1131 467 1182 525 tus
1195 457 1452 528 diversificantur
1466 467 1784 536 secundumdiieisas
1796 475 1894 542 anima

285 557 334 617 est
347 551 461 613 virtus.
1131 543 1402 621 apprehensiones
1422 550 1453 607 et
1472 544 1666 611 affectiones.
1687 549 1726 612 llt
1742 551 1893 617 sccundiim

323 631 353 690 3.
368 632 536 700 Praeterea,
551 625 653 688 virtus
672 632 715 686 est
733 622 815 685 bono
834 621 969 704 qsiclitoa
992 641 1077 684 men·
1130 620 1191 683 hoc
1201 623 1356 703 contingit
1369 623 1455 701 qubd
1470 625 1510 687 ad
1533 643 1583 688 ma
1608 628 1815 692 nanimitatem
1830 650 1894 694 con·

284 710 342 779 tis.
358 715 395 770 ut
405 724 442 770 su
468 723 505 770 ia
525 705 670 767 habitum
686 705 753 776 est,
771 700 848 776 1-2,
874 705 986 780 quaest.
1015 701 1074 776 dd,
1130 706 1312 779 sequuntur
1335 702 1482 782 quadam
1507 706 1573 766 acci
1597 709 1682 768 eiilia
1709 707 1894 772 determinata

185 847 189 854 .
283 795 345 854 art.
362 787 392 848 li.
402 727 717 878 segmagnanimitas
730 781 826 844 babet
837 780 993 860 quasdam
1006 798 1077 843 cor·
1129 781 1215 844 circa
1234 785 1339 842 motus
1355 784 1550 862 corporales.
1566 784 1722 848 Velocitas
1738 787 1818 848 enim
1839 807 1894 850 mo-

327 868 410 931 rales
423 863 647 944 dispositiones
661 882 668 922 ε
680 861 755 923 dicit
767 859 852 922 enim
862 859 1075 939 Philosophus
1129 857 1182 921 tds
1197 861 1398 938 provenitex
1410 878 1450 924 eo
1482 860 1547 924 udd
1568 864 1665 925 homo
1685 865 1724 927 ad
1744 867 1836 928 inulta
1856 869 1896 930 in·

282 966 317 1011 in
331 947 350 1008 t
364 946 486 1018 Etbic.‚
503 959 573 1036 cap.
586 942 617 1014 3,
631 939 651 1005 d
666 940 761 1014 med,
776 937 863 1018 qubd
878 949 980 1002 moins
1001 940 1077 1001 ten-
1129 939 1228 1000 tendit
1239 879 1604 1019 qumexplereffestinat.
1622 943 1682 1006 Sed
1694 945 1895 1025 magnanimus

283 1037 334 1090 tns
360 1023 551 1106 mnqnnniini
578 1020 718 1088 videtur,
749 1026 776 1080 ct
802 1035 867 1079 non
898 1018 1020 1097 pravis,
1047 1025 1075 1081 ct
1128 1017 1262 1081 intendit
1274 1017 1378 1081 solilm
1393 1018 1431 1082 ad
1455 1037 1589 1102 magna,
1614 1041 1686 1102 quic
1725 1041 1801 1087 auca
1819 1031 1895 1097 sunt,

281 1105 400 1170 locatio
418 1101 550 1168 stabitis.
570 1101 655 1182 Ergo
677 1097 926 1179 magnanimitas
947 1114 1012 1160 non
1026 1109 1075 1160 est
1128 1098 1517 1179 quinetiamindigentma
1540 1099 1584 1164 nd
1598 1106 1782 1178 attentione,
1794 1108 1823 1166 et
1836 1103 1895 1166 ided

283 1187 396 1250 virtus.
682 1258 689 1273 ι
898 1255 905 1271 ·
1066 1256 1072 1272 ¹
1128 1176 1225 1271 babet
1238 1183 1360 1240 motum
1373 1177 1510 1240 tardum.
1519 1119 1675 1243 gSimiliter
1686 1183 1779 1245 etiam
1790 1183 1896 1245 acuitas

322 1264 352 1326 li.
368 1267 536 1334 Praeterea,
550 1259 639 1323 nulla
661 1260 762 1320 virtus
787 1257 962 1335 opponitur
982 1257 1075 1320 alteri
1127 1273 1215 1318 vocis
1239 1261 1269 1319 et
1286 1258 1440 1320 velocitas
1460 1258 1619 1338 praecipue
1630 1261 1778 1340 competit
1793 1261 1838 1324 bis
1851 1261 1897 1341 qui

280 1343 403 1408 virtuti.
423 1341 483 1405 Sed
508 1337 755 1432 magnanimitas
783 1336 956 1476 exponitur
971 1335 1075 1398 humi·
1127 1335 1165 1396 dc
1178 1337 1374 1414 quibuslibet
1388 1337 1582 1401 contendere
1604 1340 1726 1414 volunt,
1748 1341 1828 1418 quod
1843 1359 1898 1402 non

280 1424 362 1488 litati
377 1443 387 1518 ².
402 1438 478 1486 nam
498 1433 713 1510 ansmns
737 1434 768 1508 sc
818 1431 926 1508 iqnnin
947 1423 1074 1510 repntot
1126 1415 1264 1493 pertinet
1284 1415 1322 1510 ad
1338 1417 1578 1512 magnanimos,
1600 1418 1657 1512 qni
1676 1435 1739 1480 nou
1760 1419 1899 1511 intromit-

200 1659 201 1664 ψ
280 1507 475 1656 italici
491 1493 1075 1656 illllgl‘i'ttlsilldlltili
1126 1494 1899 1653 liciss¹ll⁵tlslttllsleitilldltbli

283 1662 397 1726 virtus.
1126 1653 1338 1732 magnanimis
1350 1651 1526 1716 secuudiim
1537 1655 1669 1717 modum
1678 1654 1847 1718 allectionis
1856 1671 1901 1716 eo·
1993 1669 1994 1732 g

321 1739 353 1802 5.
377 1740 546 1808 Praeterea,
560 1733 732 1814 cujuslibet
745 1732 869 1794 virtutis
889 1732 1076 1811 proprieta-
1126 1748 1210 1802 rum,
1222 1732 1267 1794 ita
1281 1733 1377 1794 etiam
1389 1731 1425 1795 in
1435 1734 1485 1796 liis
1496 1735 1552 1813 qui
1563 1737 1639 1796 sunt
1654 1733 1837 1797 naturaliter
1845 1734 1902 1795 dis-
1993 1755 1994 1768 ³

281 1823 331 1884 tes
346 1821 422 1881 sunt
442 1813 632 1879 laudabiles.
645 1811 705 1874 Sed
719 1813 965 1892 magnanimitas
980 1811 1075 1874 babet
1127 1810 1224 1889 positi
1236 1810 1276 1872 ad
1289 1813 1597 1891 magnanimitatem,
1620 1815 1702 1877 tales
1721 1811 1901 1876 conditiones
1993 1855 1994 1872 .

279 1898 436 1980 quasdam
460 1893 671 1975 proprietates
698 1889 924 1971 vituperabiles
944 1910 951 1951 :
971 1891 1074 1970 primo
1127 1890 1319 1953 naturaliter
1333 1890 1553 1954 inveniuntur.

280 1975 422 2058 quidem,
445 1974 522 2058 quia
541 1969 765 2051 magnanimus
784 1985 850 2030 non
876 1975 924 2032 est
952 1985 1075 2033 memor
1166 1967 1214 2030 Ad
1228 1973 1380 2048 quartum
1391 1968 1559 2034 dicendum
1574 1970 1662 2052 qubd
1678 1971 1712 2033 in
1728 1970 1850 2033 bomine
1861 1969 1903 2032 in·

280 2055 530 2126 beneficiorum
569 2049 726 2120 secundo,
761 2049 838 2128 quia
867 2052 916 2111 est
950 2049 1072 2112 otiosus
1128 2048 1257 2110 venitur
1271 2048 1393 2128 aliquid
1414 2066 1579 2131 magnum,
1604 2051 1692 2130 quod
1705 2069 1747 2115 ex
1766 2047 1845 2112 douo
1856 2047 1903 2110 liei

280 2140 311 2201 et
323 2135 433 2199 tardus
444 2153 453 2207 ς
463 2129 578 2205 tertie,
594 2129 672 2208 quia
689 2130 793 2190 utitur
805 2126 910 2220 inpuid
929 2129 968 2191 ad
983 2129 1075 2190 mul·
1125 2127 1283 2207 possidet;
1298 2132 1329 2190 et
1345 2127 1463 2208 aliquis
1476 2129 1628 2207 delectus,
1643 2131 1700 2210 qui
1724 2127 1865 2208 competit
1878 2126 1903 2188 ci

279 2221 347 2289 tos3
360 2211 488 2294 quartd,
506 2210 661 2290 quianon
677 2211 781 2287 potest
795 2207 867 2269 aliis
883 2209 1072 2284 convivere3
1125 2225 1167 2267 ex
1193 2206 1378 2270 infirmitate
1401 2212 1536 2272 naturis.
1567 2209 1619 2272 lda
1643 2208 1816 2273 nanimitas
1839 2223 1905 2286 ergo

281 2293 412 2375 quinto,
448 2291 527 2371 quia
565 2287 666 2368 magis
701 2286 843 2365 possidet
868 2285 1075 2380 ‘infructuosa
1124 2284 1408 2378 lacitquddbomo
1423 2305 1458 2351 se
1473 2305 1527 2350 ma
1550 2288 1600 2350 nis
1618 2228 1782 2370 dignasse
1805 2303 1906 2349 secuu-

280 2371 380 2452 quilm
391 2371 565 2462 inactuosa.
580 2368 666 2449 Ergo
680 2365 928 2447 magnanimitas
942 2383 1009 2428 non
1025 2372 1075 2430 est
1125 2363 1200 2426 dum
1217 2365 1506 2431 considerationem
1519 2307 1681 2432 fenorum
1694 2383 1768 2448 qne
1780 2363 1907 2447 possidet

281 2453 398 2516 virtus.
558 2461 561 2467 ·
855 2459 860 2470 ’
1125 2462 1167 2507 ex
1189 2445 1275 2520 Deo;
1303 2445 1386 2507 sicut
1413 2445 1441 2507 sl
1468 2446 1566 2510 habet
1588 2463 1743 2528 magnam
1771 2445 1906 2509 virtutem

318 2530 378 2594 Sed
398 2532 512 2594 contra
534 2525 688 2605 estquod
712 2525 744 2586 in
767 2524 896 2605 laudem
914 2541 1075 2604 quorum·
1125 2523 1242 2598 aiiimi,
1263 2525 1511 2604 magnanimitas
1535 2525 1708 2606 lacitqubd
1725 2524 1766 2589 ad
1782 2521 1907 2604 perlecta

278 2611 352 2676 dam
374 2609 492 2674 dicitur
515 2605 536 2668 ἢ
563 2605 710 2670 llacbab.
740 2602 797 2679 lli,
827 2602 865 2666 18
896 2624 903 2663 :
928 2603 1075 2667 Nicanor
1125 2617 1224 2680 opera
1239 2603 1366 2666 virtutis
1387 2603 1498 2666 tundat
1512 2623 1520 2664 c
1535 2609 1568 2666 et
1583 2605 1734 2667 similiter
1748 2608 1796 2667 est
1812 2602 1905 2665 diccu-
1993 2647 1994 2670 i

280 2691 412 2753 audiens
437 2687 586 2751 oirtntnn
615 2683 761 2746 comitum
786 2682 892 2760 Jndc,
923 2691 951 2744 ct
976 2683 1074 2746 antini
1125 2680 1201 2744 dum
1217 2681 1255 2744 de
1275 2699 1337 2744 usu
1364 2682 1535 2762 cujuslibet
1560 2684 1696 2747 alterius
1727 2682 1813 2756 boni,
1838 2674 1904 2772 putl

277 2767 534 2910 nhannitn‘itineni,
547 2762 838 2903 qnnmpurnipnnnioe
856 2761 1074 2902 cantaminn'bns
1126 2761 1363 2902 selamin-[vel
1380 2761 1552 2902 {nigrioris
1576 2762 1727 2858 ⁸fortunas.
1753 2758 1908 2897 Ilumdnlni
1993 2777 1994 2784 ,

279 2861 672 3014 nifiluiallldluil.
694 2858 773 3013 ..tlt
794 2841 898 2983 ..lli
911 2858 1075 3014 bibis}
1125 2853 1908 3012 {instit..assistasincidistis

282 3021 394 3087 opera.
407 3004 498 3095 Ergo¹
506 3003 753 3080 magnanimitas
771 2999 811 3061 ad
827 3015 926 3092 quam
938 3003 1075 3078 pertinet
1126 2998 1376 3060 similiteretiam
1383 2997 1905 3138 magnanimitascontemnitaliosi

279 3079 1075 3256 milld.illffllitlil'l¹⁰tli¹slidiae...
1125 3075 1910 3238 cititds..i.¹¹⁰.l...⁰ltl¹sil..latinitati

281 3242 409 3306 virtutis
422 3242 571 3304 humanm
584 3237 722 3331 pertinet
746 3242 783 3299 ut
795 3235 830 3298 iii
844 3237 941 3300 rebus
956 3235 1076 3301 buma-
1126 3235 1248 3313 aliquid
1262 3235 1412 3298 indecens
1431 3235 1537 3298 iaciat.
1561 3235 1622 3298 Sed
1649 3237 1816 3300 humilitas
1841 3231 1911 3297 alios

167 3316 173 3327 ⁴
281 3323 332 3385 nis
344 3323 466 3384 bonum
478 3317 613 3381 rationis
636 3320 797 3392 serretur,
820 3315 906 3397 quod
930 3319 979 3379 est
992 3333 1076 3395 pro-
1127 3313 1267 3377 honorat
1275 3318 1307 3375 et
1317 3315 1499 3392 superiores
1509 3315 1657 3390 estimat,
1674 3317 1710 3379 in
1722 3319 1875 3394 quantum
1883 3308 1911 3373 iu

280 3402 387 3482 prium
407 3397 547 3462 bominis
566 3397 702 3536 tbonum.
722 3395 810 3535 {later
822 3399 1075 3490 ceterasautem
1127 3395 1173 3486 eis
1186 3392 1308 3533 alinuiin
1317 3392 1446 3532 inspncit
1458 3394 1498 3488 de
1512 3393 1606 3487 donis
1622 3395 1696 3458 Dei.
1712 3393 1801 3489 Unde
1812 3389 1914 3529 dicinn:

279 3481 862 3626 lzdtltlt¹.tlttts.tl⁰sl
877 3491 1074 3616 titillat
1126 3489 1301 3644 itit...
1316 3517 1352 3614 t.
1370 3472 1914 3647 assisinatensis...

283 3631 733 3720 quast.,et1-2,qumst.2,
755 3635 816 3694 art.
838 3633 869 3706 2,
888 3647 956 3713 arg.
979 3633 1009 3692 3.
1035 3573 1075 3693 lit
1126 3634 1265 3708 pertinet
1276 3630 1316 3692 ad
1335 3634 1552 3710 contemptum
1567 3632 1790 3712 magnanimi3
1819 3628 1914 3690 tinen·

202 3763 204 3773 .
282 3718 354 3780 ideo
378 3713 644 3810 magnanimitas,
680 3727 752 3791 qum
780 3710 908 3804 moduni
937 3713 1073 3774 rationis
1127 3717 1170 3770 tes
1184 3717 1284 3772 antem
1296 3709 1463 3803 Dnmtnnm
1477 3708 1652 3804 glorificat,
1677 3710 1769 3792 quod
1792 3705 1915 3789 pertinet

281 3799 372 3878 ponit
384 3812 469 3890 circa
479 3809 615 3873 magnos
628 3791 780 3930 annorens
799 3795 972 3930 estvirbt‘ns.
1011 3870 1017 3884 .
1126 3788 1166 3850 ad
1187 3789 1433 3882 honorationem
1453 3787 1595 3882 humilis.
1611 3789 1653 3850 Et
1668 3792 1819 3871 sicpntet
1840 3779 1914 3864 qubd

280 3875 925 4046 ...lisiniacensisibat,
947 3873 1075 4028 aiil}
1125 3867 1915 4040 litltldtbilliacensis.tilii}

280 4030 396 4115 partim
412 4029 433 4096 il
448 4047 564 4110 prino,
580 4043 796 4121 magnanimus
810 4033 853 4087 est
869 4025 992 4120 pandens
1001 4046 1074 4090 inn-
1126 4043 1204 4104 qma
1217 4025 1394 4105 procedunt
1412 4023 1589 4089 secuudum
1612 4025 1765 4091 diversas
1782 4019 1914 4089 conside·

280 4111 636 4194 antecesssorum,
656 4124 689 4167 in
713 4107 870 4184 quantum
895 4106 1016 4168 scilicet
1034 4106 1074 4170 ad
1126 4105 1281 4168 rationes.

280 4191 422 4255 maxima
450 4187 574 4252 tendite
590 4204 623 4248 co
648 4192 750 4247 antem
769 4183 853 4264 qnod
872 4191 908 4245 nt
929 4193 1071 4264 oportet,
1166 4185 1213 4246 lid
1234 4183 1384 4262 quintum
1408 4182 1576 4247 dicendum
1593 4185 1684 4266 qubd
1713 4181 1915 4267 proprietates

278 4269 407 4340 ondins.
423 4269 500 4349 quia
518 4265 664 4358 videlicet
677 4263 717 4328 ad
732 4279 771 4326 ea
786 4279 859 4356 quie
875 4268 951 4326 suut
962 4265 1075 4326 maxi·
1125 4262 1189 4326 illae
1203 4261 1377 4325 secundum
1398 4261 1485 4342 qudd
1501 4263 1541 4326 ad
1557 4280 1608 4326 ma
1632 4267 1811 4330 nanimum
1831 4256 1917 4343 peiti-

278 4342 1075 4506 csassentantessentiscant
1126 4283 1675 4496 cciianicailaasiia
1696 4347 1815 4487 ain

278 4513 316 4571 ut
329 4509 447 4572 ibidem
461 4506 588 4578 dicitur,
603 4503 682 4584 quia
691 4501 814 4566 scilicet
827 4518 863 4564 se
875 4517 941 4564 non
956 4469 1074 4564 exten:
1125 4499 1211 4579 qudd
1222 4501 1447 4581 magnanimus
1466 4517 1532 4562 uon
1546 4501 1643 4564 habet
1653 4443 1918 4566 inpmemoridcos

279 4588 326 4652 dit
337 4588 377 4652 ad
391 4585 514 4666 majora
532 4581 631 4664 quam
643 4581 758 4663 dignus
773 4585 833 4644 est.
1125 4577 1275 4658 aquibus
1290 4579 1445 4642 bcuelicia
1456 4581 1581 4658 recipit,
1607 4580 1858 4663 intelligendum
1878 4576 1918 4637 cst

319 4667 366 4729 Ad
392 4665 568 4729 secundum
593 4661 764 4724 dicendum
796 4659 882 4739 qudd
913 4661 1072 4728 connexio
1124 4657 1282 4740 quantilm
1294 4659 1333 4721 ad
1346 4659 1407 4722 boc
1418 4657 1505 4739 qubd
1517 4676 1582 4722 nou
1597 4665 1646 4722 est
1657 4661 1724 4725 sibi
1741 4653 1920 4724 delectabile

279 4735 1071 4822 virtutumnoiiestintelligendasecundilmactus,
1125 4738 1211 4817 qubd
1241 4739 1283 4801 ab
1305 4737 1467 4816 aliquibus
1497 4737 1650 4801 beneficia
1677 4742 1831 4821 recipiat,
1850 4733 1918 4814 quin

279 4832 315 4889 ut
342 4824 464 4890 scilicet
491 4822 623 4885 cuilibet
649 4823 809 4899 competat
837 4819 957 4882 habere
981 4824 1071 4882 actus
1124 4818 1170 4880 eis
1196 4817 1319 4911 majora
1339 4821 1561 4896 recompenset
1580 4837 1588 4878 :
1607 4821 1699 4897 quod
1721 4819 1864 4900 pertinet
1887 4808 1919 4874 all

277 4905 423 4968 omnium
439 4903 604 4966 virtutum.
622 4899 711 4964 Unde
724 4903 815 4962 actus
828 4897 1073 4978 magnanimita·
1124 4897 1351 4976 perlectionem
1367 4895 1582 4978 gratitudinis,
1604 4897 1639 4958 iii
1653 4900 1756 4980 cujus
1771 4904 1846 4964 actu
1861 4891 1920 4958 vult

277 4985 317 5049 tis
332 4999 482 5047 noncom
505 4981 562 5044 etit
573 4979 704 5044 cuilibet
714 4978 878 5053 virtuoso,
899 4976 953 5037 sed
968 4976 1072 5039 solilm
1125 4976 1399 5055 superexcellere,
1423 4975 1507 5040 sicut
1532 4980 1565 5038 et
1584 4975 1618 5039 iii
1640 4981 1777 5042 actibus
1793 4977 1919 5043 aliarum

277 5063 414 5146 magnis.
519 5056 695 5124 secundum
713 5057 872 5137 principia
897 5055 1070 5132 virtutum,
1123 5057 1290 5119 virtutum.
1313 5055 1584 5138 Similiteretiam
1625 5058 1780 5122 secundo
1816 5054 1922 5118 dicitur

277 5161 352 5227 ques
364 5146 441 5206 sunt
459 5140 631 5222 prudentia
644 5143 676 5201 ct
696 5137 818 5218 gratia,
834 5153 945 5197 omnes
963 5136 1073 5200 ilitu-
1124 5135 1210 5215 qudd
1224 5141 1272 5200 est
1285 5135 1408 5199 otiosus
1421 5139 1453 5198 et
1471 5134 1594 5210 tardus,
1604 5151 1672 5197 uon
1697 5139 1782 5217 quia
1806 5133 1921 5198 deficiat

277 5229 325 5288 tes
345 5226 422 5288 sunt
441 5237 596 5284 connexas
621 5215 797 5280 secundum
817 5215 946 5277 habitus
975 5216 1071 5279 simul
1123 5218 1165 5278 ab
1186 5215 1349 5295 operando
1374 5231 1412 5280 ea
1434 5231 1508 5294 qun
1532 5214 1592 5277 sibi
1614 5219 1845 5290 conveniunt,
1875 5207 1922 5276 scd

276 5305 312 5368 in
326 5300 436 5368 anima
450 5301 624 5364 existentes
644 5296 694 5360 rel
718 5295 752 5355 in
775 5299 850 5359 actu
870 5295 920 5356 vel
943 5295 975 5356 in
988 5313 1071 5374 pro-
1123 5297 1200 5375 quia
1214 5313 1279 5358 iion
1293 5295 1410 5374 ingerit
1426 5312 1461 5358 se
1472 5295 1741 5374 quibuscumque
1756 5295 1920 5377 operibus.

275 5381 400 5464 pinqud
431 5378 651 5460 dispositione.
680 5375 719 5436 Et
746 5374 793 5436 sic
819 5377 923 5453 potest
953 5374 1069 5452 aliquis
1124 5374 1180 5436 sed
1194 5371 1298 5437 solilin
1313 5374 1453 5456 magnis,
1470 5374 1580 5453 qualia
1598 5373 1720 5436 decent
1734 5393 1826 5440 enm.
1843 5368 1923 5436 llici-

276 5463 329 5528 cui
344 5479 411 5525 iion
424 5457 576 5539 competit
589 5459 678 5520 actus
693 5453 986 5546 magnanimitatis,
1010 5453 1072 5517 ba·
1123 5458 1177 5515 tur
1191 5455 1288 5516 etiam
1303 5454 1398 5516 tertio
1412 5452 1497 5532 qued
1514 5453 1616 5516 utitur
1637 5452 1774 5530 ironia,
1791 5471 1857 5518 non
1873 5467 1922 5512 se-

277 5546 356 5608 bers
380 5539 527 5605 babitum
563 5533 855 5616 magnanimitatis,
889 5550 1071 5611 perquem
1124 5535 1265 5597 cundum
1283 5533 1369 5613 qudd
1395 5533 1570 5612 opponitur
1583 5532 1732 5609 veritati,
1746 5538 1787 5596 ut
1811 5530 1922 5596 scilicet

277 5622 398 5686 scillcet
416 5617 599 5712 disponitur
614 5613 655 5678 ad
667 5613 763 5678 telem
778 5617 887 5678 actum
899 5628 1072 5690 exequen-
1123 5613 1208 5676 dicat
1221 5614 1258 5675 de
1272 5633 1306 5675 sc
1324 5612 1546 5691 aliquanda,
1566 5629 1639 5692 qun
1661 5629 1737 5676 non
1760 5619 1855 5688 sunt,
1879 5603 1923 5670 rel

276 5703 372 5778 dum,
385 5699 413 5765 si
423 5698 485 5764 sibi
499 5691 674 5761 secuuddm
699 5696 819 5758 statum
835 5709 930 5756 suuni
943 5708 1071 5773 compe·
1125 5698 1220 5773 neget
1233 5692 1344 5772 aliqua
1357 5707 1486 5772 magna,
1497 5709 1570 5771 quas
1581 5691 1676 5766 suut3
1694 5693 1755 5755 sed
1770 5693 1921 5776 quianon

277 5787 368 5848 teret.
1124 5777 1222 5836 totam
1231 5771 1482 5854 magnitudinem
1492 5789 1585 5836 suam
1594 5775 1778 5849 monstrat,
1788 5761 1923 5846 maximi

317 5859 365 5930 ta
377 5858 508 5942 bidom
521 5855 689 5930 dandum
700 5853 788 5946 qnbd
801 5853 986 5942 corporales
1001 5871 1070 5925 mo.-
1123 5850 1281 5944 quantum
1295 5851 1333 5916 ad
1347 5850 1534 5928 interiorum
1551 5850 1824 5930 multitudinem
1838 5848 1920 5943 quii,
