4120 6338
208 340 261 402 rii

204 464 268 528 hoc
283 477 348 522 non
364 457 468 522 solium
488 457 527 522 ad
540 457 653 520 horam
664 455 757 519 debet
770 453 799 516 ei
814 451 997 526 subuenire,

204 541 261 606 sed
275 540 313 605 ad
324 547 423 603 totam
436 553 529 601 suam
548 537 658 611 vitam,
668 535 756 615 qnod
773 535 821 595 est
832 531 992 594 thesauria

204 641 293 688 aare.
315 620 374 682 Sed
395 617 481 698 quod
495 617 582 679 lilius
598 615 720 694 aliquid
737 611 880 676 conlerat
901 610 997 690 patri,

204 703 268 766 hoc
278 705 327 764 est
336 717 395 778 per
408 698 555 761 accidens
568 697 695 759 ratione
707 693 844 772 alicujus
863 689 999 752 necessi-

204 781 279 844 tatis
293 777 443 841 instantis
457 777 512 850 ,in
534 775 600 856 qud
620 776 749 838 tenetur
761 773 791 834 ei
812 771 997 844 subvenire,

205 879 273 923 non
299 863 408 922 autern
434 857 656 918 thesaurizare
688 851 783 933 quasi
812 851 846 913 in
869 851 923 912 lon
948 850 1000 910 'n-

205 955 327 1019 quum,
343 937 424 1077 quia
437 935 629 999 naturaliter
649 949 714 994 non
726 975 727 978 ,
739 934 890 1012 parentes
913 867 1001 991 11Ἢο-

204 1037 292 1092 rum,
306 1035 341 1080 se
376 1015 432 1078 lilii
444 1019 617 1095 parentum
633 1015 710 1075 sunt
723 1027 938 1074 successores.

246 1098 294 1160 Ad
312 1096 443 1160 tertium
465 1094 634 1156 dicendum
654 1091 741 1172 qndd
760 1090 862 1152 cultus
881 1097 910 1150 et
923 1089 1001 1171 ospi-

205 1175 492 1244 commercatus
506 1173 599 1247 dicit,
616 1173 679 1233 loc.
696 1187 768 1251 sup.
784 1171 857 1244 cit,
873 1167 1001 1230 debetur

205 1255 349 1320 omnihus
363 1255 515 1334 sanguine
525 1253 648 1334 junctis
664 1259 693 1312 et
705 1250 818 1330 patrie
832 1247 999 1314 benevolis.

204 1353 272 1398 non
288 1339 395 1399 tanim
410 1334 578 1412 aqualiter
590 1330 740 1393 omnibus
753 1373 761 1404 ,
775 1328 830 1391 sed
842 1323 1002 1420 precipuo

228 1415 394 1480 arentibus
408 1456 416 1487 ,
430 1413 502 1474 aliis
517 1415 625 1474 autem
643 1405 820 1472 secundnm
835 1423 1001 1487 propriam

204 1434 390 1558 faedatam
404 1496 436 1554 et
449 1490 628 1554 decentiam
641 1505 867 1568 personarum.

204 1595 387 1660 Anniounus
410 1609 458 1654 111.
479 1627 517 1636 -
536 1587 650 1654 Utriim
695 1589 770 1652 ictos
789 1589 831 1651 sit
858 1586 1001 1669 specialis

273 1691 276 1698 ’
390 1672 493 1735 virtus
507 1669 544 1734 ab
561 1671 634 1733 otiis
673 1670 813 1732 retineto.

245 1773 294 1839 Ad
304 1775 434 1840 tertium
450 1773 497 1838 sic
511 1772 707 1852 proceditur.
724 1771 753 1834 1.
769 1768 905 1832 Videtur
915 1767 1002 1850 qudd

204 1855 309 1936 pietas
321 1874 387 1920 non
400 1855 442 1918 sit
456 1852 604 1934 specialis
623 1851 726 1915 virtus
745 1851 786 1912 ab
802 1849 874 1913 aliis
890 1849 1002 1912 distin·

205 1939 268 1999 cta.
278 1935 441 1998 Exhibere
455 1933 542 1996 enim
555 1930 748 2024 obsequium
763 1932 795 1990 et
811 1929 933 1992 cultum
944 1927 1002 1992 ali-

204 2015 324 2094 quibus
338 2033 381 2078 ex
393 2030 505 2078 amore
521 2009 676 2092 procedit.
700 2007 760 2071 Sed
779 2009 841 2071 hoo
862 2010 1002 2088 pertinet

203 2093 246 2158 ad
274 2095 434 2174 pietatem.
462 2091 549 2172 Ergo
571 2092 675 2170 pietas
700 2105 767 2150 non
794 2091 843 2150 est
863 2086 1002 2152 virtusil

205 2175 361 2238 charitate
374 2171 534 2236 distincta.

245 2253 276 2314 2.
290 2255 458 2326 Praeterea,
476 2251 599 2314 cultum
612 2249 679 2312 Deo
692 2249 849 2312 exhibere
865 2251 914 2311 est
927 2265 1002 2328 pro-

204 2333 313 2413 prium
334 2331 512 2412 religionis.
531 2328 591 2392 Sed
610 2330 707 2392 ctiam
738 2329 841 2408 pietas
870 2327 1003 2390 exhibet

205 2413 329 2476 cultum
342 2413 420 2487 Deo,
436 2414 473 2472 ut
487 2409 562 2472 dicit
574 2407 787 2488 AugustinuS,
800 2407 838 2468 10
851 2406 889 2468 de
907 2405 1000 2470 Cirit.

205 2491 276 2566 Dei,
292 2508 329 2554 ca
356 2535 364 2550 .
382 2491 419 2564 1,
434 2488 455 2554 a
469 2487 551 2552 med.
570 2487 656 2568 Ergo
676 2487 778 2566 pietas
803 2504 870 2549 non
888 2486 1002 2549 distin-

205 2572 317 2652 guitur
332 2509 353 2635 S
366 2569 533 2650 religione.

210 2723 214 2730 ¹
246 2649 276 2712 3.
301 2651 471 2724 Praeterea,
486 2649 587 2728 pietas
601 2663 674 2725 quai
687 2645 817 2716 exhibet
834 2645 956 2706 cultum
971 2649 1003 2708 et

206 2729 348 2794 officium
362 2730 485 2810 patria,
500 2727 711 2790 videturesse
726 2725 809 2786 idem
825 2741 898 2786 cum
908 2724 1003 2804 iusti·

205 2809 252 2873 iia
265 2809 372 2904 legali,
383 2825 457 2888 quaa
470 2807 601 2886 respicit
615 2807 735 2868 bonnm
750 2821 932 2869 commune.
942 2803 1001 2866 Sed

203 2889 331 2970 justitia
356 2888 468 2968 legalis
490 2891 539 2948 est
554 2886 657 2949 virtus
682 2884 855 2964 generalis,
868 2887 904 2946 ut
917 2888 1003 2963 patet

248 2987 266 3031 r
288 2965 538 3060 Philosophum,
560 2965 595 3058 iq
619 2963 773 3056 tainic,
795 2980 866 3057 cap.
888 2963 903 3024 1
926 2963 1000 3026 eth.

235 3046 664 3218 ‘sarmatiam
681 3044 872 3203 raia.
896 3121 1002 3186 a...

208 3224 284 3347 paqs
298 3205 463 3347 tqustitim,
487 3203 544 3268 lib.
565 3203 586 3264 D
608 3203 647 3266 de
668 3201 816 3278 lavent,
842 3202 1000 3281 aliquant.

207 3303 283 3350 ane
321 3306 352 3348 n.

247 3367 309 3429 ltes
334 3363 438 3428 ondeo
463 3363 632 3426 dicendum
657 3360 744 3442 qnod
768 3361 880 3441 aliqua
899 3361 1002 3426 virtus

209 3383 357 3526 speciaiis
383 3448 432 3508 ebt
454 3462 496 3506 ex
521 3441 583 3504 hoc
630 3439 695 3503 udd
717 3442 849 3520 respicit
872 3441 1004 3520 aliquod

209 3525 369 3608 objectum
393 3519 570 3586 secundum
623 3541 632 3582 ι
657 3537 734 3583 uam
757 3520 928 3600 specialem
948 3537 1005 3583 ra-

209 3605 341 3667 tionem.
371 3601 452 3666 Cium
484 3604 592 3663 autem
624 3539 664 3662 ad
689 3599 848 3662 rationem
872 3599 1005 3679 justitiis

209 3685 369 3764 pertineat
381 3682 468 3778 quod
479 3681 623 3742 debitum
636 3677 691 3742 alii
704 3679 828 3752 reddat,
846 3679 903 3740 ubi
916 3679 1005 3740 inre-

210 3764 300 3826 nitur
314 3762 463 3842 specialis
476 3759 559 3824 ratio
573 3759 671 3822 debiti
681 3757 778 3821 alicui
792 3775 951 3838 personis,
961 3757 1005 3820 ibi

212 3847 262 3906 est
285 3841 432 3936 specialis
453 3841 567 3903 virtus.
589 3839 731 3901 Debetur
757 3841 865 3901 autem
881 3837 1006 3916 aliquid

212 3923 310 3984 alicui
324 3920 516 4000 specialiter,
531 3918 610 4012 quia
621 3921 671 3980 est
686 3918 897 3980 connaturale
909 3917 1007 3996 prin-

212 4001 333 4080 cipium
344 4001 524 4080 producens
537 4016 572 4059 ru
589 4016 660 4062 esse
673 4002 703 4059 et
717 3998 914 4078 gubernans.
938 3997 1007 4058 Hoc

212 4085 319 4144 antem
327 4080 521 4174 principium
535 4077 666 4157 respicit
677 4076 792 4156 pictas,
803 4075 1007 4156 inquantum

214 4163 401 4242 parentibus
416 4165 447 4220 et
463 4157 586 4240 patria,
603 4157 696 4220 ethis
712 4155 768 4236 qui
783 4153 823 4217 ad
838 4155 904 4218 hac
918 4155 1009 4218 ordi-

213 4244 346 4312 nantur,
361 4237 502 4302 officium
517 4240 549 4301 et
561 4238 683 4300 cultum
701 4235 865 4315 impendit.

252 4319 294 4382 Et
307 4317 379 4382 ided
392 4319 492 4398 pietas
509 4320 558 4378 est
571 4316 720 4395 specialis
737 4315 853 4378 virtus.

254 4399 301 4460 hd
312 4397 453 4478 primum
469 4415 546 4478 ergo
560 4395 730 4458 dicendum
746 4394 833 4474 quod
855 4394 938 4456 sicut
950 4413 1009 4455 re-

213 4479 292 4560 ligio
320 4482 370 4539 est
394 4476 540 4557 quadam
566 4475 754 4554 protestatio
779 4473 862 4548 lidei,
887 4473 955 4553 spei
978 4477 1010 4535 et

215 4556 394 4628 charitatis,
410 4555 527 4636 quibus
541 4555 638 4615 homo
651 4552 902 4634 primordialiter
917 4552 1011 4613 ordi-

215 4641 314 4700 natur
325 4635 360 4697 in
370 4636 484 4708 Deum,
500 4633 545 4696 ita
560 4634 656 4696 etiam
674 4633 776 4710 pietas
796 4635 845 4694 est
863 4633 1010 4710 quiedam

215 4715 406 4798 protestatio
428 4713 611 4785 charitatis,
637 4726 736 4790 quam
756 4711 830 4790 quis
852 4709 950 4772 habet
970 4709 1010 4774 ad

216 4800 367 4878 parentes
382 4798 414 4858 et
427 4791 468 4858 ad
480 4793 629 4872 patriam.

257 4875 306 4938 hd
320 4874 497 4938 secundnm
517 4869 685 4934 dicendum
708 4867 795 4948 quod
814 4869 900 4932 Deus
915 4869 1012 4951 longe

218 4953 440 5020 excellentiori
456 4951 550 5013 modo
565 4954 613 5014 est
629 4949 825 5030 principium
840 4948 966 5012 essendi
981 4953 1013 5012 et

793 335 929 408 QUAEsr.
957 333 1000 391 Cl.
1027 331 1072 389 DE
1092 330 1254 388 eiurata.

1797 335 1848 394 iia

1052 445 1152 511 tendit
1170 446 1210 510 ad
1230 445 1387 526 patriam,
1404 445 1579 510 secundnm
1594 445 1679 528 qndd
1693 453 1741 512 est
1755 451 1848 514 nobis

1051 527 1213 607 quoddam
1228 525 1354 590 essendi
1369 527 1581 607 principium
1594 528 1649 589 sed
1662 527 1787 608 justitia
1801 532 1847 592 le·

1051 607 1133 688 galis
1148 607 1279 685 respicit
1294 609 1414 668 honum
1426 606 1554 684 patrio,
1568 605 1744 670 secundnm
1759 611 1847 688 quod

1051 691 1101 750 ost
1115 688 1235 748 bonnm
1249 703 1420 748 commune
1442 705 1449 743 :
1470 690 1502 746 et
1514 685 1585 748 ideo
1597 686 1722 765 justitia
1734 687 1847 768 legalis

1051 766 1154 846 magis
1175 766 1272 828 habet
1292 765 1379 844 qudd
1394 764 1435 828 sit
1448 764 1549 828 virtus
1564 767 1726 846 generalis
1747 766 1847 847 qnam

1053 847 1168 926 pietas.

1052 969 1232 1062 duqrcuuus
1252 985 1296 1030 ii.
1321 1001 1359 1060 .-
1385 965 1847 1064 Utrdmoccqsioueretiqiouir

1091 1045 1439 1190 qqqttepretcrmittcada
1457 1054 1586 1128 pietatis
1610 1048 1715 1129 ospicia
1735 1067 1770 1112 in
1788 1067 1848 1130 pc·

1093 1227 1140 1290 ld
1170 1229 1323 1307 quartum
1349 1225 1397 1306 sio
1429 1225 1623 1306 proceditur.
1657 1227 1685 1286 1.
1713 1227 1848 1291 Videtur

1053 1305 1140 1386 qudd
1149 1306 1319 1370 occasione
1327 1305 1492 1385 religionis
1506 1306 1569 1368 sint
1579 1307 1849 1384 praetermittenda

1052 1386 1179 1466 pietatis
1194 1381 1300 1449 officia
1316 1384 1350 1448 iu
1364 1388 1526 1464 parentes.
1541 1385 1625 1447 Dicit
1638 1387 1724 1446 enim
1737 1387 1847 1449 Domi·

1053 1483 1115 1528 nus
1129 1467 1206 1528 Luc.
1226 1463 1280 1538 it,
1298 1463 1337 1524 26
1354 1485 1361 1523 ε
1377 1464 1495 1545 Siquis
1509 1465 1594 1526 croit
1609 1463 1649 1526 od
1662 1483 1725 1534 me,
1741 1474 1769 1528 et
1781 1485 1849 1529 oon

1054 1543 1121 1610 odit
1136 1552 1260 1625 patrem
1273 1562 1380 1613 aarum,
1403 1552 1431 1605 et
1445 1551 1590 1612 mairem,
1606 1551 1635 1606 et
1651 1563 1802 1616 atrorem,
1820 1553 1849 1608 et

1053 1623 1148 1707 filios,
1161 1632 1190 1686 et
1200 1624 1325 1703 [ratres.
1338 1633 1365 1684 et
1380 1640 1514 1692 sorores,
1525 1621 1624 1684 adhuc
1636 1632 1738 1685 autem
1747 1627 1850 1688 etuni-

1052 1722 1132 1766 mom
1146 1723 1252 1772 suom,
1270 1721 1335 1764 aori
1351 1711 1456 1782 potest
1477 1721 1560 1764 meus
1581 1721 1641 1763 esse
1661 1703 1847 1784 disciputus-

1053 1781 1143 1846 Undc
1153 1787 1185 1846 et
1194 1785 1228 1845 in
1237 1782 1366 1844 landem
1375 1783 1525 1844 Jacobiet
1535 1783 1682 1856 loannis,
1691 1783 1803 1845 blatth.
1816 1783 1847 1858 t,

1053 1862 1104 1937 22,
1121 1862 1248 1936 dicitur,
1267 1861 1353 1940 quod
1369 1861 1489 1924 relictis
1503 1860 1618 1923 retibus
1631 1869 1657 1922 et
1668 1871 1777 1942 putre,
1796 1884 1849 1926 se—

1055 1941 1120 2004 cuti
1135 1951 1209 2004 suot
1228 1939 1388 2004 Christum
1398 1961 1407 2010 ‚·
1423 1944 1455 2004 et
1478 1942 1509 2002 in
1524 1941 1651 2004 laudem
1666 1943 1850 2006 Levitarnm

1054 2021 1171 2083 dicitur
1183 2021 1312 2084 Denter.
1332 2021 1390 2093 33,
1405 2021 1425 2082 9
1443 2041 1449 2079 :
1467 2021 1530 2096 Qui
1546 2019 1665 2082 dixerit
1676 2021 1766 2160 quiri
1780 2041 1848 2092 suo.

1055 2108 1084 2162 et
1097 2101 1191 2162 neutri
1208 2120 1270 2162 sure
1285 2120 1295 2159 .·
1311 2099 1423 2162 Nescio
1446 2119 1523 2166 coa:
1541 2107 1569 2161 et
1585 2100 1679 2180 [ratri
1704 2120 1738 2160 us
1755 2101 1821 2163 suis
1839 2123 1850 2164 :

1053 2179 1174 2260 Ignoro
1189 2199 1255 2248 cos,
1266 2187 1294 2240 et
1304 2179 1480 2241 nescierunt
1493 2179 1575 2260 filios
1587 2197 1680 2248 siros,
1696 2179 1728 2241 ii
1743 2189 1852 2242 custo-

1054 2259 1182 2321 dierunt
1192 2259 1348 2340 eloquium
1361 2266 1457 2319 tuum.
1472 2257 1532 2320 Sed
1544 2257 1724 2338 ignorando
1735 2277 1851 2338 paron-

1054 2339 1101 2402 tes
1116 2341 1148 2400 et
1161 2339 1242 2402 alios
1256 2338 1528 2417 consanguineos,
1545 2337 1594 2398 rel
1606 2337 1702 2400 etiam
1714 2339 1852 2402 odiendo

1054 2435 1122 2491 eos,
1142 2436 1273 2481 necesse
1287 2416 1436 2496 estquod
1451 2417 1738 2496 pretermittentes
1751 2419 1852 2499 pieta·

1053 2499 1094 2559 tis
1121 2495 1238 2560 ollicia.
1263 2497 1348 2578 Ergo
1375 2501 1508 2588 propter
1531 2495 1721 2575 religionem
1747 2497 1853 2564 ollicia

1053 2577 1183 2656 pietatis
1199 2579 1276 2640 sunt
1289 2577 1571 2656 pretermittenda.

1093 2655 1123 2716 2.
1147 2657 1321 2728 Praeterea,
1337 2655 1449 2722 Matth.
1464 2655 1502 2730 8,
1520 2653 1578 2728 223
1599 2657 1631 2716 ct
1644 2653 1722 2716 Luc.
1740 2655 1778 2730 9,
1793 2653 1851 2732 58,

1055 2733 1170 2800 dicitnr
1187 2734 1273 2814 quiid
1293 2734 1448 2796 Dominus
1464 2734 1581 2796 dicenti
1600 2733 1660 2796 sibi
1678 2753 1685 2794 :
1703 2735 1853 2796 Permitte

1053 2833 1099 2876 me
1113 2813 1253 2894 primaint
1265 2813 1311 2876 ire
1337 2823 1364 2875 et
1387 2813 1515 2894 sepelire
1529 2821 1651 2894 patrem
1664 2832 1777 2884 meum,
1794 2834 1854 2876 rc-

1055 2893 1212 2974 spondit:
1235 2895 1310 2958 Sine
1335 2900 1371 2954 ut
1395 2894 1514 2956 mortui
1540 2893 1690 2972 sepeliant
1713 2901 1853 2956 mortuos

1054 2991 1139 3034 auos.
1154 2973 1205 3036 Tu
1217 2983 1320 3036 autem
1333 2973 1419 3044 code,
1433 2982 1460 3033 et
1474 2973 1630 3034 annuntia
1641 2990 1771 3052 regnum
1782 2975 1852 3044 Dei,

1054 3051 1141 3132 quod
1153 3053 1293 3132 pertinet
1304 3053 1342 3116 ad
1355 3053 1555 3133 religionem,
1568 3053 1736 3130 sepultura
1746 3059 1854 3116 autem

1054 3133 1157 3212 patris
1173 3131 1311 3212 pertinet
1325 3131 1364 3195 ad
1378 3133 1505 3211 pietatis
1519 3132 1671 3193 officium.
1686 3133 1772 3213 Ergo
1785 3133 1854 3213 pie·

1055 3211 1298 3352 taqisqoilicinm
1320 3213 1369 3274 est
1394 3212 1699 3292 pretermittendum
1724 3219 1855 3291 propter

1055 3310 1092 3356 re
1139 3308 1256 3352 ionem.

1096 3311 1137 3432 ἐξ
1150 3372 1319 3442 Praeterea,
1330 3369 1416 3430 Dens
1430 3387 1488 3448 per
1501 3371 1725 3432 excellentiam
1738 3369 1854 3434 dicitur

1055 3451 1153 3514 Potor
1166 3458 1283 3512 noster.
1299 3448 1359 3510 Sed
1379 3448 1462 3510 sicut
1479 3467 1536 3528 por
1551 3449 1676 3528 pietatis
1697 3450 1855 3527 obsequia

1057 3528 1194 3591 colimus
1210 3531 1372 3607 parentes,
1388 3528 1432 3589 ita
1444 3545 1502 3606 per
1515 3528 1703 3606 religionem
1718 3529 1854 3592 colimus

1056 3608 1170 3671 Deum.
1182 3608 1267 3687 Ergo
1281 3605 1552 3686 praetermittenda
1566 3613 1641 3668 sunt
1654 3608 1781 3686 pietatis
1797 3610 1854 3670 ob-

1058 3688 1171 3765 sequia
1185 3690 1317 3766 proptor
1334 3685 1499 3778 religionis
1518 3687 1652 3748 cultum.

1097 3765 1126 3826 t.
1150 3768 1326 3836 Praeterea,
1351 3766 1494 3845 religiosi
1519 3770 1669 3828 tenentur
1694 3785 1736 3827 ex
1758 3771 1852 3842 voto,

1058 3844 1145 3925 quod
1158 3845 1338 3921 transgredi
1353 3845 1516 3918 nonlicet,
1535 3863 1602 3908 snae
1615 3843 1780 3925 religionis
1795 3849 1853 3910 ob-

1059 3925 1237 3988 servantias
1251 3925 1402 4002 implere,
1418 3923 1594 3990 secundum
1610 3938 1691 4004 quas
1707 3927 1773 3988 suis
1789 3945 1850 4006 pa-

1059 4003 1204 4067 rentibus
1216 4005 1388 4066 subvenire
1400 4005 1629 4082 impediuntur,
1642 4009 1710 4065 tum
1721 4012 1854 4086 propter

1058 4087 1295 4164 paupertatem,
1306 4084 1383 4163 quia
1396 4085 1529 4164 proprio
1540 4087 1666 4159 carent;
1681 4090 1747 4146 tum
1760 4087 1857 4150 etiam

1059 4169 1191 4246 propter
1205 4163 1436 4236 obedientiam,
1452 4165 1531 4242 quia
1546 4163 1617 4226 sine
1630 4163 1759 4228 licentia
1775 4183 1857 4228 suo-

1060 4261 1133 4306 rum
1160 4245 1367 4322 prelatorum
1393 4243 1439 4304 eis
1469 4243 1646 4305 claustrum
1675 4245 1764 4305 cairo
1790 4263 1857 4307 non

1060 4323 1146 4386 licet.
1174 4323 1259 4401 Ergo
1286 4325 1418 4402 proptor
1442 4322 1632 4402 religionem
1659 4326 1857 4400 praetermit-

1060 4401 1158 4464 tenda
1173 4405 1249 4463 sunt
1264 4401 1390 4478 pietatis
1405 4399 1510 4463 officia
1524 4401 1557 4460 iu
1572 4405 1734 4479 parentes.

1101 4481 1162 4542 Sed
1182 4484 1295 4542 contra
1312 4481 1361 4540 est
1383 4478 1468 4558 qnod
1482 4479 1658 4553 Dominus,
1675 4481 1787 4545 Matth.
1807 4483 1856 4560 15,

1061 4559 1228 4640 redarguit
1238 4557 1415 4620 Pharisaeos
1425 4601 1434 4630 ,
1446 4559 1501 4636 qui
1516 4602 1523 4632 ,
1539 4559 1657 4620 intuitu
1669 4561 1857 4642 religionis,

1060 4637 1219 4780 holqorqam
1234 4637 1422 4718 parentibus
1437 4635 1579 4699 debitum
1599 4640 1789 4704 subtrahere
1802 4641 1859 4704 do·

1064 4736 1100 4782 ce
1124 4734 1190 4782 an.

1061 4797 1063 4804 ’
1103 4794 1293 4936 Rosqondeo
1305 4795 1473 4858 dicendum
1487 4796 1572 4875 quod
1586 4797 1699 4880 religio
1712 4801 1858 4879 et'pietas

1064 4879 1141 4940 sunt
1186 4893 1236 4937 uae
1262 4874 1406 4938 virtutes.
1431 4876 1527 4939 Nulla
1546 4880 1653 4940 autem
1678 4880 1779 4942 virtus
1804 4879 1859 4942 alii

1066 4957 1177 5020 virtuti
1188 4955 1850 5036 contrariaturantrepugnat,quia,secun

218 5031 462 5118 gubernationis
472 5029 571 5112 quam
589 5038 681 5110 pater
692 5031 744 5092 vel
757 5028 872 5108 patria.
888 5029 927 5090 Et
941 5029 1012 5092 ided
1066 5033 1142 5098 drlm
1157 5033 1387 5113 Philosophum
1400 5035 1434 5096 in
1450 5035 1722 5109 Praedicamentis,
1737 5036 1771 5097 in
1787 5055 1858 5118 cap.

219 5117 284 5178 alia
299 5113 400 5177 virtus
419 5117 467 5175 cst
478 5111 591 5192 religio
630 5110 816 5172 oecultum
829 5108 897 5171 Deo
915 5109 1014 5171 exhi·
1067 5115 1104 5178 dc
1120 5113 1260 5196 oppos,
1277 5113 1470 5176 honumoon
1489 5124 1534 5178 esi
1553 5112 1633 5177 bono
1654 5117 1859 5178 contrarium.

218 5195 284 5270 bei,
300 5193 321 5258 d
335 5195 463 5273 Ρὶθῑᾶῑθ,
483 5208 556 5270 ‘111ae
577 5208 617 5251 <³¹
643 5189 708 5253 ibet
723 5189 846 5251 cultum
867 5190 1015 5268 parenti·
1066 5194 1157 5258 Unde
1170 5211 1236 5256 non
1247 5197 1353 5274 potest
1364 5212 1434 5256 esse
1446 5195 1533 5274 qudd
1545 5195 1646 5273 pietas
1661 5198 1691 5254 et
1701 5194 1814 5276 religio
1827 5215 1862 5259 se

218 5273 281 5338 bus
296 5277 328 5338 et
340 5273 461 5353 patriae.
476 5268 536 5332 Sed
550 5287 588 5332 ea
605 5287 677 5348 quse
690 5273 766 5363 suat
778 5274 1013 5345 creaturarum,
1067 5273 1182 5336 mutuo
1207 5274 1402 5353 impediant,
1418 5279 1455 5335 nt
1479 5276 1610 5354 propter
1635 5278 1741 5335 aetum
1763 5276 1861 5338 nnius

219 5352 460 5440 perquamdam
469 5349 799 5442 superexcellentiam
808 5351 840 5410 ct
850 5350 1017 5442 causalita-
1070 5358 1159 5417 actus
1175 5353 1307 5418 alterius
1330 5353 1530 5416 excludatur.
1555 5350 1733 5432 Cujuslibet
1754 5359 1863 5418 autem

221 5439 287 5527 tem
311 5431 553 5526 transferuntur
577 5447 611 5489 rn
638 5429 751 5502 Deum,
779 5432 816 5490 ut
840 5429 1014 5510 Dionysius
1069 5434 1197 5496 virtutis
1214 5437 1483 5513 actus‚utsupra
1493 5452 1535 5495 ex
1557 5431 1647 5494 dictis
1664 5437 1770 5512 patet,
1788 5434 1861 5508 l-D,

223 5511 297 5576 dicit
330 5513 386 5574 hb.
417 5509 455 5572 de
487 5507 685 5602 drr3Nom3,
713 5524 784 5586 cap.
814 5509 851 5582 1,
883 5509 956 5571 lect.
979 5509 1014 5586 33
1071 5519 1198 5594 quaest,
1213 5514 1244 5588 7,
1263 5518 1324 5576 art.
1340 5513 1371 5586 2,
1387 5517 1419 5574 et
1433 5515 1546 5592 quaest.
1561 5511 1610 5587 18,
1624 5517 1685 5575 art.
1702 5512 1732 5588 3,
1749 5513 1863 5578 debitis

221 5593 308 5687 uqde
325 5609 384 5672 per
400 5589 625 5684 emetiendam
638 5591 741 5667 pietas
759 5587 863 5650 cultus
877 5587 935 5682 Dei
951 5607 1017 5682 po·
1071 5595 1320 5658 circumstantiis
1335 5593 1509 5666 limitatum
1533 5609 1614 5672 quas
1630 5591 1657 5654 si
1672 5598 1863 5671 pretereat,

221 5676 386 5745 minatur,
410 5673 493 5732 siout
515 5671 548 5732 et
571 5668 657 5731 Deus
688 5668 883 5731 excellenter
901 5666 1018 5732 dicitur
1069 5674 1136 5755 jam
1151 5692 1222 5736 non·
1233 5675 1293 5735 crit
1303 5672 1429 5735 virtutis
1442 5677 1545 5745 actus,
1560 5672 1614 5733 sed
1627 5671 1706 5736 vitii.
1723 5673 1812 5735 Unde
1824 5675 1863 5740 ad

221 5751 318 5820 Pater
331 5757 450 5842 notter·
498 5827 505 5842 ι
1072 5755 1223 5834 pietatem
1236 5753 1373 5833 pertinet
1399 5751 1538 5813 officium
1562 5754 1594 5814 et
1612 5753 1733 5815 cultum
1749 5771 1864 5834 paren.
1891 5755 1896 5766 '

266 5831 310 5898 dd
326 5833 457 5896 tertium
476 5825 644 5896 dicendum
665 5828 751 5910 quod
769 5827 870 5912 pietas
896 5848 930 5894 sc
957 5846 1018 5894 cx·
1055 5836 1158 5924 ¹tibus
1183 5834 1335 5898 exhibere
1359 5831 1534 5896 seeundum
1557 5833 1698 5894 debitum
1723 5835 1863 5898 modum.

218 5979 231 6004 .
358 5931 566 6002 sunau-lll-
660 5984 665 5994 .
1460 5935 1696 6022 (liupr-cinq.)
1760 6011 1762 6014 .
1847 6006 1852 6018 .
