4076 6358
11 1897 13 1980 l

19 566 27 597 ¹
122 566 195 611 rum
210 547 360 610 notitiam
375 547 524 624 devenit,
546 555 669 611 utnon
697 549 913 613 scandalizem
971 551 1054 616 sieut
1066 553 1229 632 publicae

123 349 174 410 m
549 349 685 422 obesi.
706 349 827 410 xxxiii.
843 353 887 412 DE
906 347 1364 418 uerberibus-immabi.
1708 369 1769 430 m

123 467 186 544 rit,
211 469 249 530 ut
261 465 377 530 melior
390 465 462 543 llat,
479 465 536 530 scd
556 469 654 532 etiam
669 469 759 544 aliis,
775 469 810 531 in
829 487 917 551 que-
970 471 1092 536 babent
1103 469 1426 617 ⁰⁰⁰¹¹¹¹³p⁹ff⁰³¹2³d
1438 467 1597 621 judictltffir
1605 477 1763 625 diriutrlm,

1296 573 1473 617 umnam·

122 633 185 690 tur.
220 627 260 690 Et
294 627 367 690 ideo
395 627 473 691 talia
505 633 638 708 peccata
674 633 751 692 sunt
786 629 915 708 publiod
970 649 1109 712 rumque
1126 633 1213 696 Deus
1238 640 1423 714 peccatores
1450 576 1546 716 q'ugsi
1560 579 1765 706 ,ffipaffi

120 703 629 850 tulela-‘litttlttltl
643 709 917 870 eattae
968 712 1535 872 stalleeabtttttula
1559 716 1687 864 *lilia
1702 723 1764 867 ld

118 877 155 930 ut
168 865 459 930 etceteritimerem
470 865 618 938 labeant:
630 868 715 948 quod
727 869 917 950 intelligitur
968 869 1019 946 33,
1037 871 1077 934 15
1093 871 1177 934 rPer
1203 873 1359 936 semotum
1380 839 1416 938 in
1435 875 1556 940 visione
1583 885 1761 956 nocturne,

118 949 158 1012 de
173 945 315 1027 peremis
334 945 488 1028 publicis,
512 949 550 1012 ut
562 947 763 1028 Augustinus
789 948 866 1012 dicit
882 949 915 1011 in
967 951 1093 1032 quaudo
1108 952 1205 1015 irruit
1218 969 1316 1034 sopor
1328 971 1422 1035 stipor
1432 952 1581 1028 domines,
1597 966 1673 1022 tuac
1691 981 1763 1043 ape-

120 1028 175 1090 lib.
192 1024 232 1088 de
249 1026 347 1088 Verb.
360 1027 468 1102 Dom.,
486 1028 549 1090 loo.
572 1027 626 1090 cit.
643 1045 714 1108 cap.
729 1029 760 1089 ⁵1.
967 1030 1013 1092 rtt
1026 1031 1286 1104 escreseirorum,
1300 1041 1328 1094 et
1340 1033 1486 1097 medices
1496 1054 1547 1099 eos
1560 1037 1693 1104 iustruit
1709 1043 1763 1104 di-¹

157 1105 191 1168 Si
206 1105 287 1168 vend
312 1107 378 1168 sint
405 1111 537 1186 peccata
553 1107 699 1182 occulta,
715 1107 763 1171 sic
788 1107 916 1170 videtur
967 1111 1112 1190 sciptiea,
1128 1119 1164 1173 ut
1177 1120 1296 1175 everte
1308 1111 1461 1178 bominem
1474 1114 1512 1178 ab
1526 1115 1575 1180 tis
1591 1135 1658 1198 que
1673 1121 1760 1202 fecit.

117 1187 240 1249 babere
254 1187 361 1248 locum
369 1185 456 1265 quod
465 1187 621 1250 Dominus
634 1185 720 1262 dicit,
727 1187 841 1252 llattb.
854 1187 913 1250 18:
1007 1189 1055 1252 Ad
1064 1190 1240 1254 secundum
1247 1192 1511 1273 dicendumqubd
1518 1195 1676 1262 Dominus
1687 1218 1761 1280 pec-
1789 1259 1795 1266 .

117 1265 348 1345 Sipecceeerit
362 1266 398 1326 iu
414 1273 443 1326 te
456 1265 560 1348 frater
575 1273 660 1328 taur.
678 1267 813 1342 Quando
828 1269 919 1331 enim·
968 1273 1075 1333 catum
1101 1269 1191 1334 lude
1205 1270 1361 1352 tanqudm
1383 1274 1469 1335 Deus
1494 1275 1577 1338 sicut
1594 1279 1760 1356 publicum

116 1349 147 1408 te
162 1344 297 1406 attendit
310 1343 438 1424 publico
452 1361 561 1409 coram
582 1346 675 1421 aliis,
692 1348 758 1427 jam
775 1364 840 1410 uon
854 1364 916 1410 so-
969 1347 1128 1426 babebat,
1143 1350 1230 1413 unde
1249 1351 1358 1416 statim
1373 1357 1500 1433 poterat
1515 1354 1556 1417 ad
1582 1358 1761 1436 publican-

117 1423 186 1487 lrim
208 1425 243 1486 in
270 1428 301 1486 te
316 1429 450 1504 peccat,
469 1425 525 1488 sed
543 1425 641 1489 etiam
655 1427 690 1488 in
713 1427 795 1490 alios
807 1471 816 1502 ,
830 1443 913 1506 quos
966 1426 1042 1490 dum
1056 1429 1244 1510 procedere;
1264 1435 1373 1495 mmen
1398 1431 1408 1492 i
1432 1449 1468 1496 se
1482 1451 1547 1495 non
1562 1437 1759 1516 publicavit,

117 1507 239 1568 turbat.
258 1503 318 1567 Sed
334 1503 413 1600 qaia
436 1503 534 1568 ctiam
561 1504 595 1568 in
616 1505 749 1570 occultis
774 1507 914 1587 peccatis
968 1505 1024 1570 sed
1039 1509 1185 1572 obscuris
1202 1511 1309 1573 verbis
1321 1528 1395 1574 eum
1408 1450 1448 1574 ge
1467 1520 1599 1606 peccato
1614 1533 1675 1579 suo
1699 1517 1761 1582 ad*

138 1587 225 1646 otest
238 1599 348 1678 parari
362 1584 586 1663 proximorum
602 1583 745 1660 ollensa,
766 1585 838 1649 ided
854 1585 917 1650 ad·
967 1587 1104 1650 monuit.
1127 1590 1239 1652 Petrus
1258 1594 1367 1654 autem
1388 1591 1567 1671 publicavit
1590 1603 1760 1674 peecatum

116 1603 182 1726 Rue
214 1663 342 1728 videtum
366 1664 627 1744 distinguendum
653 1682 736 1730 esse.
762 1665 915 1744 Quedam
967 1667 1129 1730 occultum
1161 1669 1297 1733 Ananie
1338 1675 1370 1734 et
1405 1670 1566 1812 saphire,
1603 1676 1760 1755 tanquam
1797 1721 1802 1731 .

117 1744 204 1806 enim
222 1747 354 1824 peccata
370 1743 496 1808 occulta
511 1748 588 1807 sunt
607 1762 680 1825 que
701 1745 826 1823 suntin
849 1761 916 1807 no-
967 1750 1124 1810 exeeutor
1142 1749 1217 1824 Dei,
1247 1748 1340 1831 cuius
1365 1767 1442 1813 reve
1455 1750 1564 1814 atione
1591 1761 1760 1832 peceatum

11 1859 12 1892 ,
118 1830 308 1885 cementum
322 1823 549 1904 proximorum
575 1827 627 1888 vel
653 1825 836 1904 corporale,
864 1825 916 1888 vel
967 1841 1004 1888 co
1028 1826 1127 1890 novit.
1155 1827 1202 1892 De
1225 1829 1345 1909 loseph
1359 1834 1469 1894 autem
1494 1831 1688 1905 credendum
1711 1841 1760 1900 est

119 1903 312 1982 spirituale3
333 1901 420 1998 'putu
448 1903 476 1966 si
498 1903 617 1983 aliquis
638 1902 763 2000 occulto
780 1907 913 2000 tractet,
966 1843 1053 2045 {qued
1080 1906 1195 2001 iratres
1219 1927 1296 2003 suos
1318 1909 1515 1990 quandoque
1534 1911 1758 1992 admonuerit,

118 1981 290 2126 gffiiffi
312 1983 914 2142 ἳῑῖινιέῗίπξτῖιᾱοαὲηῗιῐ)οξῗῗίιᾶἓδένέτοὶιυῗι
980 1983 1375 2158 ωῧᾞῃῑὲιεῑῑβὲἰῖιᾞῧᾱ
1427 2074 1570 2134 occatum
1593 2075 1760 2152 publicum

11 2217 12 2226 ἵ
117 2141 244 2220 thnia
255 2143 309 2205 ille
322 2141 378 2222 qui
392 2142 439 2206 slc
453 2141 578 2208 occulte
591 2147 714 2224 peccat,
730 2159 796 2204 non
808 2141 914 2206 solum
967 2147 1037 2207 erat
1048 2149 1132 2208 inter
1147 2145 1261 2210 iratres
1275 2169 1283 2222 ;
1299 2147 1384 2212 ursde
1400 2087 1425 2210 X

11 2281 12 2296 ,
118 2221 150 2282 in
163 2229 194 2284 te
210 2226 341 2301 peceat,
361 2221 416 2284 sed
431 2224 526 2286 etiam
538 2223 570 2286 in
584 2223 685 2299 alios,
700 2227 828 2302 oportet
842 2227 915 2287 sta-
966 2226 1087 2286 emovit
1099 2226 1214 2306 [ratres
1232 2245 1317 2290 sues.

11 2307 12 2366 ἶ
119 2301 173 2361 tim
188 2299 363 2396 procedere
377 2301 418 2364 ad
438 2302 732 2378 denuntiationem,
747 2306 785 2364 ut
796 2301 915 2444 huljus-
1006 2305 1054 2365 Ad
1073 2307 1204 2368 tertium
1227 2305 1396 2371 dicendum
1407 2309 1493 2389 qndd
1510 2313 1640 2390 quando
1654 2315 1760 2377 immi·

1422 2149 1476 2212 icit
1490 2151 1678 2231 pluraliter:
1694 2157 1761 2219 Ac-

120 2379 203 2442 modr
230 2386 462 2444 nocumentum
488 2381 699 2464 impediatur;
724 2381 787 2444 nisi
843 2381 913 2444 orte
966 2388 1022 2444 net
1047 2385 1228 2464 periculum
1242 2387 1466 2459 multitudinis,
1483 2391 1687 2455 nonhabent
1710 2395 1754 2458 ibi

11 2511 13 2540 ,
119 2461 237 2540 uliquis
253 2459 389 2524 tirmiter
402 2459 577 2525 estimaret
603 2462 691 2543 quod
722 2461 831 2526 statim
854 2471 914 2542 pel·
964 2460 1073 2525 locum
1095 2465 1164 2528 bec
1179 2467 1278 2530 verba
1293 2467 1542 2547 Domine-quia
1560 2475 1637 2534 tunc
1659 2473 1759 2538 laeter

118 2545 276 2604 secretam
298 2541 551 2604 admonitionem
582 2545 693 2623 posset
727 2540 913 2622 hujusmodi
964 2559 1102 2622 peccans
1118 2561 1184 2607 non
1198 2551 1310 2625 peccat
1324 2545 1357 2606 in
1379 2549 1411 2608 te
1433 2543 1568 2610 tantiam,

118 2621 205 2682 mala
228 2619 393 2700 impedire.
1005 2622 1051 2684 Ad
1073 2628 1227 2704 quartum
1255 2625 1424 2688 dicendum
1451 2625 1537 2705 quod
1572 2627 1758 2724 hujusmodi

156 2699 310 2776 Quasdam
319 2699 397 2768 sord
411 2706 543 2781 peccata
552 2705 628 2765 sunt
642 2719 715 2782 que
724 2699 915 2766 solumsunt
964 2718 986 2846 g
1410 2703 1519 2846 pitulis
1530 2707 1758 2788 religiosorum

118 2779 152 2840 in
167 2779 289 2842 malum
300 2781 463 2859 peccantis
478 2824 487 2855 ,
504 2786 537 2844 et
550 2781 620 2864 ojus
635 2782 668 2842 in
682 2799 780 2861 quem
796 2799 914 2861 pecca·
987 2787 1064 2860 unt,
1080 2789 1156 2848 sunt
1179 2784 1217 2848 de
1230 2784 1393 2864 aliquibus
1422 2785 1552 2863 eribus,
1575 2805 1648 2868 que
1665 2788 1759 2854 lame

117 2864 183 2932 tur,
199 2855 378 2939 volquiad
403 2865 555 2940 peccante
580 2859 686 2924 solium
707 2859 845 2936 leditur,
861 2861 914 2925 vel
965 2879 1032 2926 non
1064 2863 1237 2946 derogant3
1268 2863 1355 2927 unde
1381 2869 1458 2926 sunt
1488 2867 1583 2944 quasi
1610 2869 1758 2948 quedam

117 2937 232 3000 saltem
245 2956 288 3001 ex
302 2936 372 3002 sold
382 2939 516 3014 notitid;
532 2945 564 3003 et
578 2945 656 3004 tuno
670 2940 710 3004 ad
724 2940 787 3004 boo
805 2937 913 3004 soldm
965 2944 1287 3007 commemorationes
1308 2939 1416 3024 potids
1443 2945 1618 3008 obliturum
1643 2949 1756 3030 culpa·

987 2703 1234 2768 reclamationes
1241 2721 1315 2785 que
1325 2705 1359 2766 in
1372 2721 1409 2767 ca

51 3079 54 3092 ,
118 3015 314 3080 tendendum
323 3023 373 3081 ast
383 3023 420 3080 ut
427 3019 518 3081 lratri
525 3021 671 3100 peccanti
679 3019 911 3096 subveniatur3
964 3040 1037 3084 rum
1051 3022 1150 3107 quam
1161 3023 1396 3098 accusationes,
1414 3024 1463 3086 vel
1479 3023 1754 3091 denuntiationes.

118 3103 149 3159 et
163 3097 248 3160 sicut
260 3097 401 3161 medicus
416 3099 594 3178 corporalis
607 3099 778 3164 sanitatem
792 3103 913 3182 egroto
964 3101 996 3164 Si
1012 3108 1119 3166 essent
1132 3108 1240 3166 mmen
1258 3103 1350 3179 talia,
1364 3104 1403 3165 de
1419 3103 1539 3182 quibus
1555 3103 1655 3168 irater
1666 3106 1759 3170 inia-

119 3175 263 3250 couiert,
290 3177 317 3239 si
348 3182 471 3256 potest,
496 3179 567 3242 sine
599 3179 737 3261 alicujus
775 3179 911 3243 membri
965 3188 1126 3256 marcius,
1152 3186 1264 3246 eontra
1280 3187 1477 3262 preceptum
1500 3183 1629 3246 Domini
1644 3192 1757 3267 ageret

118 3255 336 3332 abscissione,
356 3258 384 3320 si
407 3262 595 3322 autemnon
612 3263 736 3340 potest,
752 3259 913 3323 abscindit
964 3262 1021 3342 qui
1035 3279 1092 3340 per
1106 3261 1332 3325 buncmodum
1345 3266 1510 3342 peccatum
1525 3261 1633 3327 fratris
1650 3268 1759 3344 publi·

118 3338 300 3398 membrum
312 3336 419 3399 minda
435 3339 665 3413 necessarium,
682 3342 719 3402 ut
732 3339 800 3402 vita
814 3339 911 3402 totius
965 3349 1063 3404 caret.

119 3421 341 3490 conservetur,
363 3417 407 3480 ita
430 3416 526 3480 etiam
541 3417 596 3480 ille
609 3419 665 3499 qui
680 3417 788 3484 studet
800 3435 912 3481 emen·
1004 3421 1051 3482 Ad
1073 3421 1222 3500 quintum
1242 3420 1411 3484 dicendum
1437 3421 1523 3500 quod
1540 3424 1674 3502 prelato
1689 3443 1755 3488 non

118 3494 241 3558 dationi
255 3493 382 3570 fratris,
396 3496 491 3559 debet
499 3497 526 3559 si
542 3501 664 3576 potest,
680 3498 728 3562 sic
741 3497 913 3562 emendare
964 3505 1014 3563 est
1036 3500 1245 3562 obediendum
1258 3503 1368 3562 eontra
1386 3517 1485 3578 prece
1510 3506 1577 3562 tum
1597 3503 1754 3578 divinum,

120 3573 253 3638 tratrem
271 3573 430 3655 quantum
451 3576 492 3639 ad
504 3577 753 3650 conscientiam,
768 3581 805 3638 ut
826 3577 911 3642 lama
965 3576 1142 3642 seeundum
1161 3577 1240 3641 illud
1251 3577 1321 3637 Aet.
1347 3573 1377 3650 5,
1393 3575 1455 3638 29:
1479 3519 1612 3642 Dtedtre
1630 3591 1756 3662 oportet

11 3661 12 3726 l
120 3653 912 3737 ejuscouservetur3quequidemestutilispridrd
965 3659 1143 3740 Deomupis
1161 3655 1507 3740 quaestiuncularum
1528 3659 1601 3722 ided
1622 3661 1755 3740 quando

12 4057 13 4062 ’
133 4052 226 4114 amie
248 4055 341 4124 multi

120 3735 249 3812 quidem
263 3735 326 3813 ipsi
341 3737 504 3815 peccanti,
525 3752 591 3798 non
613 3733 718 3799 solium
732 3735 767 3798 in
789 3739 913 3815 tempo·
964 3739 1115 3820 prelatus
1136 3739 1281 3820 precipit
1302 3743 1338 3800 ut
1352 3737 1411 3800 sibi
1436 3736 1561 3802 dicatur
1575 3741 1661 3820 quod
1679 3743 1755 3821 quis

121 3813 265 3889 salibus,
287 3814 452 3895 inquibus
473 3813 631 3896 quantum
645 3814 686 3878 ad
701 3815 803 3878 multe
815 3815 912 3879 bomo
964 3819 1095 3882 sciverit
1103 3818 1347 3899 corrigendum,
1357 3815 1599 3898 intelligendum
1612 3823 1660 3883 est
1674 3839 1756 3900 pre·

121 3893 616 3970 patiturdetrimentum,amissa
628 3894 734 3969 lamd3
750 3894 913 3958 sedetiam
964 3903 1092 3978 ceptum
1106 3897 1205 3972 send,
1228 3899 1320 3962 salvo
1340 3897 1454 3959 ordine
1473 3897 1623 3962 fraterne
1638 3917 1756 3965 corre-

121 3971 279 4111 quantdm
293 3973 333 4036 ad
349 3975 549 4118 spiritualia,
562 3975 639 4054 quia
651 3991 718 4054 pre
730 3976 846 4038 timore
863 3976 913 4038 in·
964 3979 1101 4054 ctionis;
1117 3978 1186 4041 sire
1197 3981 1393 4057 preceptum
1411 3976 1468 4039 liat
1479 3979 1694 4042 communiter
1712 3982 1755 4044 ad

416 4059 549 4134 peccato
575 4055 804 4130 retrahuntur,
826 4054 913 4117 unde
964 4074 1097 4134 omnes,
1117 4057 1185 4120 sive
1203 4058 1242 4120 ad
1263 4058 1405 4137 aliquem
1426 4057 1621 4136 specialiter.
1638 4059 1698 4122 Sed
1726 4062 1755 4124 si

122 4133 253 4210 quando
276 4151 311 4196 se
337 4133 509 4197 infamatos
533 4133 753 4214 conspiciunt,
779 4131 914 4196 irrcire-
963 4138 1115 4216 prelatus
1145 4137 1298 4216 expresse
1319 4137 1509 4230 preciperet
1533 4141 1646 4200 contra
1667 4139 1756 4204 bunc

121 4211 195 4274 nate
214 4218 360 4292 peccant.
382 4213 470 4276 Unde
493 4213 711 4296 Hieronymus
727 4213 804 4276 dicit
818 4213 828 4294 l
838 4231 910 4294 sup.
964 4216 1109 4279 ordinem
1123 4214 1144 4280 d
1160 4217 1297 4278 Domino
1318 4217 1519 4290 institutum,
1543 4217 1657 4295 etipse
1671 4237 1755 4298 pcc·-

121 4290 200 4352 iDud
225 4291 339 4354 blattb.
356 4291 413 4355 18:
427 4293 466 4356 Si
479 4293 657 4375 peccauerit
679 4293 715 4356 in
734 4299 765 4355 te
777 4312 788 4354 .·
801 4293 913 4357 Corri-
964 4301 1053 4359 caret
1066 4295 1272 4376 precipiens,
1289 4300 1321 4358 ct
1338 4297 1366 4358 ei
1388 4294 1553 4370 obediens,
1570 4297 1663 4376 quasi
1677 4314 1755 4361 con·

119 4369 253 4449 pientius
272 4380 315 4433 ert
328 4371 465 4435 seorsum
480 4373 588 4455 freter,
609 4391 647 4436 ee
668 4373 697 4435 si
709 4373 798 4438 semet
805 4373 914 4453 pudo-
962 4379 1013 4438 tra
1028 4379 1222 4455 preceptum
1235 4375 1363 4437 Domini
1385 4391 1484 4455 agens
1497 4395 1505 4435 ε
1520 4377 1606 4439 unde
1620 4393 1685 4438 non
1705 4397 1757 4440 es·

120 4451 258 4520 remeet
279 4451 496 4516 verecundiam
509 4453 659 4524 amiserit,
671 4461 854 4535 peremerat
875 4453 912 4514 in
963 4458 1012 4517 set
1027 4455 1056 4516 ei
1080 4453 1310 4529 obediendum
1334 4455 1414 4534 quia
1438 4455 1590 4533 prelatus
1620 4461 1756 4519 nonest

118 4538 257 4609 percum.
275 4531 421 4596 Secundo
433 4532 527 4595 debet
541 4531 727 4596 conservari
749 4531 834 4595 tama
848 4531 913 4596 ira·
960 4533 1059 4615 juder
1073 4535 1273 4596 occultorum
1289 4532 1346 4616 (1),
1372 4531 1428 4595 sed
1442 4533 1531 4597 solus
1546 4535 1651 4610 Deus;
1668 4536 1755 4599 unde

120 4611 177 4672 tris
209 4614 395 4690 peccantis:
412 4617 481 4675 tum
536 4613 612 4688 uia,
635 4628 702 4674 uno
733 4611 908 4686 inlamato,
964 4629 1030 4675 non
1057 4613 1153 4675 babet
1177 4617 1368 4692 potestatem
1395 4613 1599 4691 preripiendi
1629 4615 1754 4694 aliquid

120 4689 173 4750 alii
189 4690 399 4768 infamantur,
416 4629 594 4756 secundum
604 4691 681 4753 illud
693 4690 866 4772 Augustini
877 4690 910 4752 in
963 4711 1002 4756 su
1026 4711 1063 4755 er
1084 4691 1236 4765 occultis,
1256 4691 1319 4753 nisi
1343 4693 1553 4772 inquantum
1571 4711 1629 4772 per
1641 4696 1755 4774 aliqua

119 4770 212 4848 epist.
233 4771 273 4832 ad
290 4771 415 4851 plebem
432 4773 473 4834 lii
497 4787 686 4852 portensem,
700 4769 752 4844 l‘l,
766 4771 809 4832 al.
830 4769 909 4846 137,
959 4711 1436 4854 jucflciamaniiestantur,putd
1449 4772 1691 4851 perinlamiam,
1704 4777 1756 4839 vel

119 4847 438 4915 intermed.etlin.:
481 4850 533 4913 tm
550 4847 912 4931 deuliquidusquimo-
962 4871 1021 4934 per
1034 4851 1161 4931 aliquas
1185 4851 1403 4931 suspicionem
1428 4851 1462 4913 in
1511 4853 1605 4915 uibus
1623 4855 1754 4918 casibus

120 4935 204 4991 ctam
217 4949 334 4994 nomen.
342 4935 547 5014 profitentur,
566 4927 688 5012 aliquid
705 4927 847 4991 criminis
861 4927 911 4991 oet
962 4936 1068 5012 potest
1080 4931 1232 5026 prelatus
1254 4930 1429 5010 precipere
1442 4869 1554 4994 cogam
1569 4933 1679 5008 modo,
1706 4935 1755 4997 si-

116 5007 192 5089 !ulsi
206 5012 360 5081 resumit,
373 5011 421 5075 vel
435 5011 502 5075 veri
510 5009 663 5093 patuerit,
680 5009 812 5077 instant.
827 5015 910 5074 satae
962 5017 1018 5075 cut
1032 5016 1064 5074 et
1078 5010 1178 5106 podex
1195 5010 1349 5074 secularis
1368 5012 1419 5074 vel
1436 5011 1671 5075 ecclesiasticus
1687 5031 1754 5092 po·
1804 5053 1808 5058 .,

117 5097 214 5168 dviii.
231 5089 381 5161 ambiunt.
400 5099 437 5156 ut
455 5092 492 5155 de
509 5089 651 5153 omnibus
668 5087 726 5152 boc
740 5087 910 5159 credatur:
961 5095 1026 5156 test
1038 5109 1169 5172 exigere
1181 5091 1401 5172 juramentum
1410 5091 1449 5154 de
1461 5092 1594 5155 veritate
1606 5091 1752 5156 dicende.

116 5173 187 5230 tum
206 5171 305 5234 etiam
320 5172 397 5252 quia
423 5189 464 5234 ex
489 5175 620 5251 peccato
635 5169 732 5232 unius
745 5169 909 5251 publicato

116 5247 173 5312 effi
193 5258 413 5315 provocamur
426 5251 465 5315 ad
479 5250 688 5332 peccandum⁶
962 5215 1143 5278 Annaeusus
1163 5231 1233 5277 vm.
1258 5247 1297 5259 -
1318 5212 1433 5276 Utrum
1460 5213 1583 5276 testium
1609 5212 1754 5276 inductio

154 5327 218 5392 Sed
232 5331 309 5472 3⁰³³
322 5332 519 5394 conscientia
531 5329 729 5410 preterenda
738 5332 788 5393 est
803 5328 907 5405 lame,
1002 5292 1106 5455 Q?
1114 5293 1289 5434 {medin
1298 5291 1459 5374 imb't'fflm
1473 5291 1753 5355 munimntum-

115 5407 219 5472 soluit
261 5411 390 5474 ominus
409 5416 445 5474 ut
465 5411 578 5476 saltem
594 5427 666 5472 cum
681 5407 910 5490 dispendiotn-
1129 5372 1189 5514 1²⁸2·
1206 5373 1262 5449 ¹9⁹
1278 5381 1385 5516 quffit·
1406 5371 1575 5514 21’3‘3s2·3’
1591 5381 1699 5452 W‘·
1716 5371 1753 5449 ρ’

114 5505 177 5566 me
190 5489 297 5554 bairis
314 5491 509 5556 conscientia
526 5507 584 5569 per
604 5489 768 5570 publicam
784 5488 909 5551 denun—
1002 5451 1152 5535 ΝΜ·
1190 5453 1221 5530 1*
1237 5461 1300 5515 m·
1373 5459 1401 5514 θ’
1460 5465 1483 5534 'l
1728 5561 1731 5566 ¹

115 5569 272 5633 [tatonem
286 5567 450 5650 &peccato
469 5571 634 5634 liberetur·
656 5568 745 5633 Unde
768 5569 856 5650 patei
868 5566 908 5629 de
1001 5574 1049 5639 Ad
1061 5579 1214 5640 octavum
1229 5576 1277 5638 sic
1290 5570 1755 5656 proceditur.l.Videturqudd

115 5651 308 5714 necessitato
322 5651 471 5732 precepti
489 5669 558 5714 esse
569 5649 787 5729 quddsecreta
798 5645 908 5711 admo·
961 5657 1093 5719 testium
1106 5655 1250 5720 inductio
1267 5670 1334 5718 non
1349 5655 1463 5717 debeat
1489 5651 1669 5732 precedere
1691 5669 1757 5733 pu·

115 5727 197 5790 nitio
209 5730 372 5811 publicam
386 5730 662 5794 denuntiationem
676 5727 846 5810 precedat.

153 5807 204 5870 nd
230 5809 373 5892 primum
388 5829 466 5894 ergo
493 5809 662 5874 dicendum
688 5805 775 5888 quod
798 5805 908 5872 omnia
997 5821 1036 5897 (l)
1056 5823 1093 5879 lta
1114 5821 1193 5880 codd.
1214 5821 1307 5879 Aleae.
1336 5829 1363 5877 et
1383 5816 1517 5876 Cameria.
1539 5816 1635 5890 quibus
1655 5818 1760 5876 acosdlt

112 5889 244 5957 occulta
261 5893 341 5956 sunt
351 5891 420 5955 Deo
432 5894 529 5959 notas
543 5897 574 5955 et
589 5887 661 5976 ideis
685 5887 748 5952 boe
761 5885 857 5951 modo
869 5903 905 5950 se
959 5893 1064 5954 Garcia.
1078 5893 1133 5965 at,
1142 5893 1296 5967 isdicinsn
1309 5891 1473 5950 occiderem.

338 5992 474 6060 ems.
497 5995 552 6058 111.
1535 5987 1659 6063 (urea
