4080 6346
195 260 266 320 luto

193 389 372 532 :iiiiii
385 369 508 516 iffi&
503 369 722 544 eispriffiium
733 372 987 531 113ἕῖ111331

195 536 277 596 «est
290 533 412 613 gloria,
431 531 470 594 ed
489 535 537 594 est
549 547 653 610 major
668 548 758 594 cura.
774 531 849 594 Flos
863 535 912 594 cst
929 531 986 596 ills

195 612 435 676 «ecclesiastici
452 610 622 706 germinis,
646 609 742 674 decus
762 614 860 690 atque
881 627 986 676 orua-

195 713 212 752 α
228 696 493 834 menturrplgratpu
505 690 697 770 spiritualis,
710 691 869 754 illustrior
878 692 985 771 portio

196 789 335 914 «pieplo
400 789 444 833 rrs
459 789 513 833 ι.»

305 853 448 926 raterea,
464 850 568 932 majus
582 851 750 944 praemium
762 850 897 914 debetur
909 865 985 914 ma-

192 931 255 1012 jori
265 929 387 995 virtuti.
405 929 464 992 Sed
475 930 651 1013 virginitati
661 929 795 994 debetur
806 929 984 994 maximum

194 1012 381 1090 praemium,
410 1009 531 1073 scilicet
558 1009 679 1072 tructus
708 1009 920 1085 centesimus,
948 1013 986 1071 ut

194 1093 283 1170 patet
308 1088 420 1152 btattlr.
451 1088 489 1150 13
514 1090 549 1151 in
575 1088 690 1152 Glossd
717 1088 803 1171 (ord.
830 1089 983 1165 Hieron,

195 1169 361 1264 spp3illud
376 1190 384 1229 :
401 1168 464 1246 Qui
476 1170 547 1263 arrd
562 1169 599 1231 iu
614 1177 729 1264 terram
743 1167 884 1251 bonam).
899 1169 985 1250 Ergo

195 1253 791 1408 luitiauitactitata,
806 1333 854 1392 m
868 1327 984 1407 mcor,

217 1409 317 1471 uantb
338 1427 395 1488 per
413 1425 485 1471 eam
504 1409 622 1487 aliquis
637 1407 763 1470 Christo
782 1424 834 1469 ma
857 1409 884 1470 is
905 1424 986 1470 con-

228 1491 361 1552 rmatur.
384 1487 443 1550 Sed
464 1485 603 1550 maximi
626 1487 742 1581 aliquis
767 1425 986 1550 conlirrmatur

194 1567 321 1630 Christo
334 1585 393 1649 per
407 1567 622 1647 virginitatem
638 1585 646 1626 r
662 1567 779 1629 drcitur
799 1567 885 1628 enim
899 1565 985 1644 Apo·

194 1647 254 1710 cal.
283 1646 339 1724 ll,
362 1645 398 1720 b,
418 1645 457 1707 de
477 1645 672 1730 virginibus,
702 1645 790 1727 qudd
812 1653 985 1727 sequuntur

193 1725 317 1806 Agrum
342 1727 531 1809 qudcumque
560 1727 656 1794 ierits
684 1724 826 1804 ecquod
855 1729 985 1786 cautant

166 1825 170 1856 ι
194 1808 351 1869 cauticum
374 1823 508 1877 uocum,
535 1806 619 1888 quod
642 1821 730 1867 nemo
754 1805 836 1867 alius
857 1811 986 1884 poterat

193 1885 304 1948 dicere.
319 1887 405 1968 Ergo
420 1886 584 1967 virginitas
600 1887 648 1948 est
660 1884 803 1947 maxima
817 1884 982 1946 virtutum.

233 1963 294 2028 Sed
314 1973 427 2036 contra
447 1969 497 2028 est
518 1965 606 2047 quod
630 1964 829 2044 Augustinus
853 1962 929 2024 dicit
950 1963 984 2025 in

192 2045 277 2108 libro
300 2046 338 2110 dc
354 2045 523 2129 virginit,
547 2062 584 2108 ca
611 2089 618 2104 .
639 2043 695 2118 16,
715 2043 820 2134 intio.
839 2043 983 2111 stirme,

213 2125 344 2187 uantum
352 2133 450 2207 puto,
468 2130 561 2187 curus
591 2123 894 2202 ucritoirginitotcm
904 2140 986 2201 pru·

193 2143 275 2298 fferre
286 2204 436 2286 nrcrtprio
454 2203 514 2287 (1),
530 2207 562 2267 et
574 2221 608 2265 ru
626 2202 738 2265 ecdem
752 2203 828 2276 lib.,
843 2218 914 2280 cap.
932 2199 993 2276 tc,

193 2281 985 2427 cccliiii*:Attiitutctittni

195 2467 210 2502 α
226 2384 451 2526 quatrionem
465 2447 576 2505 notum
591 2445 639 2504 est
653 2459 718 2521 quo
732 2441 803 2503 loco
814 2444 897 2504 mart
919 2405 983 2516 ies,

195 2529 258 2586 cet
275 2542 340 2604 quo
357 2524 512 2587 deiunctae
533 2520 792 2585 sanctimoniales
812 2519 851 2582 ad
872 2459 984 2582 affaris

195 2607 429 2667 «sacramenia
449 2602 636 2665 recitentur.
663 2621 678 2659 r
702 2601 762 2662 Per
784 2599 872 2680 quod
890 2599 986 2662 datur

194 2683 329 2765 intelligi
348 2681 434 2762 qubd
451 2681 640 2762 martyrium
655 2680 830 2760 virginitati
852 2679 986 2760 preter-

194 2766 258 2837 tur,
274 2769 305 2826 et
319 2763 465 2826 simililer
478 2759 665 2824 monasterii
679 2764 793 2822 status.

233 2842 421 2923 despondeo
442 2841 608 2905 dicendum
632 2839 718 2920 qudd
739 2838 860 2919 aliquid
881 2843 986 2919 potest

194 2922 255 2984 dici
272 2922 578 2986 excellentissimum
592 2920 761 3000 dupliciter
779 2939 786 2980 ε
805 2919 877 2981 Uno
890 2919 986 2982 modo

195 3003 230 3064 in
245 3003 355 3082 aliquo
371 3020 505 3082 genere3
520 3005 550 3063 et
569 3001 614 3062 sic
626 3000 793 3081 virginitas
809 3003 858 3062 est
872 2999 986 3062 excel·-

194 3082 389 3156 leutissima,
403 3082 523 3144 scilicet
534 3081 568 3142 in
580 3099 697 3162 genere
709 3079 882 3154 castitatis3
898 3083 986 3141 trau·

195 3162 317 3226 scandit
337 3163 422 3226 euim
439 3166 470 3225 et
486 3163 663 3225 castitatem
678 3159 840 3222 vidualem
854 3162 886 3220 et
902 3175 987 3221 con-

193 3242 345 3324 jugalem.
381 3243 421 3302 Et
447 3243 526 3322 quia
560 3239 700 3304 castitati
733 3237 986 3302 antonomasticd

99 3375 105 3382 .
195 3323 382 3384 attribuitur
395 3322 501 3394 decor,
517 3321 588 3384 ided
599 3319 775 3401 virginitati
792 3336 851 3397 per
865 3334 987 3379 conse*

194 3420 297 3483 quens
323 3401 510 3466 attribuitur
537 3399 808 3473 excellentissima
835 3397 985 3476 pulchri-

196 3482 282 3544 tudo.
298 3482 386 3544 Unde
403 3485 434 3544 et
447 3481 634 3542 Ambrosius
656 3479 731 3542 dicit
745 3479 779 3538 in
793 3477 847 3538 lib.
863 3476 902 3537 de
915 3475 986 3537 Vir-

195 3556 346 3642 ginibus‘,
373 3555 490 3642 pardm
517 3557 538 3623 d
565 3558 647 3620 med.
676 3579 683 3619 :
716 3555 987 3620 Puicbritudinem

195 3641 263 3722 quis
273 3651 377 3724 potest
391 3640 538 3722 mojorem
550 3639 700 3701 estimare
710 3637 818 3700 decore
831 3635 983 3716 uirginis,

194 3739 261 3802 quc
280 3729 402 3783 amatur
414 3721 433 3781 d
446 3738 534 3800 rege,
548 3717 702 3802 probatur
722 3715 878 3798 djudice,
897 3712 988 3779 dedi-

197 3809 286 3863 cotur
300 3802 454 3872 Domino,
472 3809 672 3862 cousecratur
690 3797 782 3858 Deo?
802 3794 874 3857 Allo
891 3794 986 3855 modo

196 3883 302 3960 potest
319 3881 380 3944 dici
399 3879 521 3961 aliquid
542 3874 847 3942 excellentissimum
865 3874 986 3954 simpli-

197 3960 287 4035 citer,
301 3965 331 4022 et
344 3962 390 4024 sic
399 3961 566 4041 virginitas
577 3976 643 4020 non
656 3961 704 4020 est
716 3954 986 4019 excellentissima

195 4041 361 4104 virtutum.
382 4042 512 4121 Semper
524 4040 610 4102 enim
625 4038 697 4100 iinis
710 4036 839 4100 excellit
852 4033 884 4096 id
899 4033 986 4114 quod

196 4121 290 4185 estad
300 4121 412 4196 tinem;
422 4125 453 4184 et
463 4118 585 4200 quantd
596 4118 719 4198 aliquid
732 4112 891 4179 efficacids
907 4114 988 4176 ordi·

197 4205 293 4264 natur
305 4201 344 4266 ad
356 4199 560 4274 finem,tantd
575 4201 689 4260 melius
703 4195 856 4260 estFinis
865 4198 984 4269 autem,

197 4299 238 4343 ex
252 4299 316 4362 quo
331 4281 498 4364 virginitas
510 4278 680 4342 laudabilis
693 4275 846 4350 redditur,
865 4279 913 4336 est
927 4290 988 4336 va-

197 4379 272 4436 care
287 4365 383 4425 rebus
400 4361 534 4434 divinis,
552 4363 590 4418 ut
608 4357 727 4420 dictum
744 4359 793 4419 est
815 4360 875 4418 art.
891 4369 985 4434 praec.

196 4441 284 4505 Unde
301 4445 378 4537 ipseo
391 4441 524 4508 virtutes
541 4438 744 4516 theologica,
764 4439 796 4497 et
808 4435 905 4510 etiam
919 4434 988 4497 vir-

197 4526 247 4584 tus
267 4521 451 4601 relrgionis,
467 4534 607 4596 quarum
623 4521 713 4578 actus
732 4525 779 4576 est
796 4515 866 4592 ipsa
885 4530 989 4576 occu-

197 4603 285 4680 patio
300 4603 386 4664 circa
400 4617 452 4661 res
465 4597 611 4668 divinas,
627 4595 842 4674 praeleruntur
855 4592 989 4674 virgini-

196 4681 266 4742 tati.
285 4680 435 4740 Similiter
453 4678 550 4740 etiam
565 4671 784 4738 vehementius
800 4677 987 4751 operantur,

197 4760 238 4824 ad
262 4760 324 4821 hoc
346 4758 432 4838 qudd
456 4757 634 4818 inhereant
647 4754 714 4814 Deo
734 4760 910 4832 martyres,
933 4751 989 4830 qui

198 4839 238 4904 ad
258 4840 319 4903 boc
337 4843 409 4934 post
429 4838 555 4918 ponunt
575 4833 740 4915 propriam
754 4834 871 4905 ritam;
890 4835 921 4892 et
936 4830 991 4893 vi-

199 4926 309 4986 ventes
335 4939 368 4982 rn
393 4915 615 4988 monasteriis,
641 4913 697 4994 qui
715 4912 834 4975 adhoc
855 4914 990 4991 postpo-

200 5007 281 5064 nunt
305 5001 471 5082 propriam
493 4997 709 5066 voluntatem,
736 4997 768 5056 et
789 4991 897 5054 omnia
942 5007 991 5053 ua

199 5087 336 5162 possunt
353 5084 489 5155 trabere,
503 5075 601 5158 qudm
614 5075 772 5156 virgines,
791 5089 864 5151 qua
876 5071 928 5164 ad·
953 5087 992 5132 oc

200 5167 397 5243 postponunt
421 5175 594 5223 veneream
618 5157 828 5234 voluptatem.
854 5153 894 5213 Et
920 5148 991 5244 rded

200 5243 368 5324 virginitas
391 5257 459 5303 noa
481 5234 668 5323 simpliciter
691 5238 740 5296 est
763 5233 905 5294 maxima
919 5249 992 5296 trr-

199 5323 316 5386 tutum.

240 5403 287 5465 Ad
309 5403 449 5482 primum
468 5414 545 5480 ergo
558 5395 727 5458 dicendum
749 5391 834 5472 qubd
850 5390 991 5472 uirgines

201 5487 277 5546 sunt
297 5483 456 5546 illustrior
473 5478 583 5561 portio
608 5476 711 5556 gregis
732 5471 868 5540 Christi,
888 5475 925 5565 'et
946 5473 994 5532 est

202 5581 306 5624 aarum
331 5561 495 5625 sublimior
516 5557 620 5638 glorio
638 5573 695 5634 per
720 5553 994 5631 comparationem

201 5643 242 5706 ad
255 5641 370 5707 viduas
383 5644 415 5703 et
427 5637 630 5718 conjugatas.

237 5744 278 5818 (a)
290 5743 398 5822 ruscum
412 5735 733 5822 camaracenorum.
755 5719 818 5791 usi.
834 5740 862 5792 u
880 5729 946 5789 sau.
961 5729 996 5796 u.

202 5815 314 5876 rhomo
326 5824 434 5882 passim,
448 5818 608 5865 menesteus.

425 5963 431 5986 Ι
465 5903 600 5969 Seruum.
643 5899 700 5964 lll.

701 255 833 326 miAEST.
853 256 942 342 curu.
962 255 1008 316 DE
1026 257 1118 316 tillo
1136 257 1311 319 luxuria.

1757 273 1827 334 {tibi

1078 372 1126 436 Ad
1145 373 1320 438 secundum
1337 376 1505 440 dicendum
1526 380 1613 462 qubd
1634 389 1828 456 centesimus

1039 452 1162 516 tructus
1194 455 1381 519 attribuitur
1412 458 1614 540 virginitati,
1651 469 1829 533 secundum

1038 533 1292 614 Hieronymum,
1318 539 1452 617 propter
1475 543 1701 607 excellentiam
1729 566 1829 628 quam

1037 611 1136 675 habet
1151 613 1191 677 ad
1205 614 1410 694 viduitatem,
1426 619 1479 680 cui
1493 622 1680 686 attribuitur
1693 643 1829 710 sexage-

1039 691 1160 768 slmus3
1182 699 1214 756 et
1232 694 1272 757 ad
1288 697 1546 776 matrimonium,
1569 703 1621 766 cui
1641 705 1830 772 attribuitur

1038 771 1231 865 tricesimus.
1256 774 1334 848 Sed,
1360 777 1446 839 sicut
1468 781 1669 861 Augustinus
1696 784 1771 848 dicit
1793 787 1829 850 iu

1038 851 1094 944 ab..
1115 852 1184 915 1de
1199 853 1437 928 Questionibus
1457 858 1631 941 Evangel,
1647 879 1717 944 cap.
1734 864 1770 941 9,
1793 866 1829 930 iu

1038 947 1163 1011 prmo,
1194 934 1377 996 centesimus
1410 935 1535 1018 [ructus
1562 949 1606 1002 esc
1634 951 1807 1024 martyrum

1038 1011 1664 1162 {euraccum
1679 993 1830 1167 celtu

1145 1135 1152 1150 .
1785 1124 1794 1167 r

1039 1169 1156 1251 ginitas
1172 1171 1215 1232 sit
1233 1171 1293 1233 sim
1316 1173 1419 1236 liciter
1433 1117 1576 1242 marisia
1590 1119 1745 1243 sirbitum
1761 1199 1830 1247 om·

1039 1192 1479 1396 scaccarium
1846 1275 1853 1352 ι

1695 1359 1716 1402 n

1038 1418 1180 1489 guuutur
1194 1410 1318 1489 Aquom
1335 1355 1525 1496 quacumqui
1543 1416 1635 1488 ierit,
1655 1358 1830 1497 guipsippi:

1038 1491 1149 1550 tantur
1171 1489 1351 1566 Christum
1378 1509 1444 1554 nou
1468 1492 1571 1556 solum
1589 1497 1622 1558 in
1646 1497 1830 1579 integritate

1038 1568 1171 1643 mentis,
1193 1568 1364 1632 sedetiam
1386 1571 1419 1632 in
1437 1572 1503 1635 inte
1527 1575 1620 1640 ritate
1645 1579 1773 1656 carnis,
1792 1585 1831 1643 ut

1039 1647 1239 1728 Augustinus
1251 1647 1326 1710 dicit
1338 1650 1372 1710 in
1386 1649 1442 1714 lib.
1458 1593 1656 1735 dci'irginit.
1670 1701 1678 1732 ,
1692 1675 1763 1737 cap.
1776 1660 1842 1736 27„

1039 1721 1150 1790 dmod.
1162 1727 1281 1792 Etided
1291 1729 1324 1790 iu
1335 1728 1483 1808 pluribus
1493 1739 1828 1827 sequunturAgnum;

1038 1809 1456 1900 uoptamcnoportetqudd
1465 1813 1826 1897 magrsdepropinquo‚

1039 1902 1116 1964 qura
1130 1887 1202 1950 alite
1215 1887 1350 1952 virtutes
1366 1887 1487 1953 iaciunt
1501 1892 1714 1974 propinquius
1730 1897 1831 1961 inhac-

1038 1981 1112 2026 rcre
1126 1966 1193 2028 Deo
1212 1984 1270 2047 per
1290 1967 1501 2032 imitationem
1519 1975 1647 2036 mentis.
1663 1973 1832 2040 Canticum

1039 2047 1146 2106 autem
1165 2062 1304 2123 novum,
1321 2047 1409 2125 quod
1429 2050 1506 2113 sola
1521 2053 1661 2134 virgines
1680 2060 1830 2134 cautant,
1956 2057 1960 2074 '

1038 2127 1087 2216 cst
1103 2124 1256 2269 gaudippm
1268 2125 1356 2205 quod
1370 2127 1492 2191 habent
1505 2129 1544 2193 do
1560 2133 1748 2224 integritate
1761 2153 1833 2202 car-

1038 2217 1089 2266 urs
1105 2221 1200 2269 serra
1237 2249 1245 2266 .

1276 2285 1462 2362 QUAESTIO
1485 2289 1591 2353 cllll.

1036 2363 1085 2424 Dc
1104 2381 1192 2428 rrrro
1211 2382 1442 2512 ιυιυιιιὼεὶϊ-ε
1454 2368 1510 2531 (lp
1525 2371 1661 2453 quinque
1681 2375 1833 2440 articulos

1396 2466 1427 2510 so
1443 2467 1487 2510 so.
1831 2503 1835 2510 .

1077 2523 1828 2612 Deindeoousiderandumestdevitioluxurim,

1038 2605 1125 2682 quod
1148 2607 1322 2684 opponitur
1344 2607 1482 2671 castitati
1499 2628 1507 2668 :
1523 2613 1554 2670 et
1574 2611 1678 2689 primd
1706 2613 1744 2676 de
1760 2615 1834 2695 ipsd

1037 2683 1072 2745 in
1110 2685 1252 2760 enerali;
1270 2685 1410 2748 secundd
1423 2687 1462 2749 de
1477 2689 1643 2767 speciebus
1656 2691 1737 2772 ejus.

1104 2769 1117 2825 t
1140 2764 1225 2828 circa
1246 2765 1387 2844 primum
1409 2771 1600 2846 aduruntur
1615 2771 1760 2852 quinque
1777 2795 1784 2834 :
1802 2777 1832 2836 1·

1037 2860 1111 2925 quae
1121 2845 1163 2906 sit
1171 2845 1306 2908 materia
1313 2844 1468 2921 luxuriae3
1479 2846 1510 2908 2⁰
1520 2847 1629 2910 utrdm
1639 2855 1743 2915 omnis
1757 2871 1836 2916 con·

1037 2923 1164 2986 cubitus
1180 2925 1221 2986 sit
1232 2924 1379 3001 illicitus3
1390 2925 1421 2986 3·
1433 2925 1542 2990 utrdm
1559 2929 1690 2994 luxuria
1706 2933 1747 2994 sit
1760 2953 1835 3013 pec·

1038 3007 1146 3098 catum
1168 3003 1491 3106 morta103b⁰utrdm
1512 3007 1643 3074 luxuria
1663 3011 1707 3074 sit
1720 3013 1834 3076 vitium

1038 3083 1378 3254 ffligtlriussrirlfugilfl
1380 3087 1475 3227 13¹⁵tle
1471 3104 1555 3227 pppm
1574 3169 1706 3231 motoria
1727 3169 1832 3235 tuaru-

1077 3242 1135 3302 rioe
1148 3249 1213 3302 esni
1233 3241 1334 3304 colom
1350 3245 1621 3342 concupiscentie,
1644 3257 1673 3309 ct
1692 3248 1834 3316 detecto-

1079 3322 1328 3384 tionesocnsrcoe.
1341 3321 1550 3402 -(1cmic.‚
1567 3343 1601 3386 cc
1627 3370 1634 3386 .
1656 3325 1687 3399 5,
1701 3328 1770 3390 tect.
1786 3331 1816 3392 2.
1846 3369 1851 3376 ·

1078 3400 1125 3463 Ad
1135 3399 1274 3481 primum
1289 3401 1335 3462 sic
1352 3402 1546 3480 proceditur.
1560 3345 1734 3469 lse'idetur
1746 3333 1834 3488 qudi

1038 3480 1392 3543 materialuxuriaeuon
1407 3477 1514 3543 solium
1524 3483 1589 3544 sint
1603 3488 1834 3580 concupiscen-

1039 3559 1089 3622 tia
1104 3562 1137 3620 et
1149 3558 1377 3622 delectationes
1392 3579 1550 3625 venereos.
1567 3562 1652 3625 Dicit
1662 3583 1748 3628 emm
1763 3569 1835 3636 Au-

1039 3637 1186 3718 gustinus
1212 3639 1246 3700 in
1268 3638 1324 3700 lib.
1346 3639 1541 3718 idonless,
1557 3660 1628 3722 cap.
1642 3644 1678 3717 6,
1702 3643 1832 3724 amad,

1038 3717 1835 3802 qubdluxuriocdsctietutemctqusabundantiam

1038 3815 1068 3858 sc
1083 3798 1170 3878 cupit
1190 3797 1309 3860 sorori.
1325 3798 1385 3860 Sed
1400 3800 1529 3865 satietas
1546 3805 1685 3880 pertinet
1693 3804 1732 3866 ad
1745 3807 1833 3869 cibos

1038 3881 1070 3938 et
1083 3881 1190 3956 potus,
1205 3878 1401 3942 abundantia
1414 3885 1523 3943 autem
1535 3881 1575 3942 ad
1591 3882 1730 3945 divitias.
1749 3885 1834 3966 Ergo

1038 3956 1171 4019 luxuria
1184 3960 1307 4021 nonest
1319 3959 1543 4038 propribcirca
1557 3963 1833 4042 concupiscentias

1039 4041 1070 4098 at
1084 4036 1263 4116 voluptates
1280 4056 1446 4103 venereas.

1078 4115 1109 4176 2.
1125 4118 1294 4195 Praeterea,
1319 4120 1412 4184 Pron.
1434 4119 1485 4193 20,
1508 4120 1538 4192 1,
1559 4120 1674 4184 dicitur
1690 4143 1697 4182 :
1716 4123 1836 4186 lucsc-

1038 4198 1125 4259 rioso
1146 4213 1195 4260 rec
1212 4202 1262 4260 est
1282 4198 1400 4260 unum.
1423 4197 1483 4261 Sed
1506 4199 1618 4261 vinum
1638 4201 1777 4279 pertinet
1795 4204 1835 4267 ad

1039 4275 1282 4339 delectationem
1304 4279 1368 4339 cibi
1396 4281 1427 4340 et
1451 4275 1559 4356 potds.
1582 4278 1664 4360 Ergo
1689 4281 1775 4346 circa
1796 4301 1836 4348 ea

1039 4354 1179 4419 maxime
1194 4356 1319 4419 videtur
1330 4357 1463 4418 luxuria
1476 4375 1557 4418 esse.

1079 4436 1109 4494 a.
1125 4436 1293 4510 Praeterea,
1316 4436 1448 4498 luxuria
1468 4435 1585 4498 dicitur
1600 4455 1671 4500 esso
1686 4440 1835 4504 libidino-

1041 4531 1084 4577 sae
1096 4514 1270 4592 voluptatis
1283 4516 1443 4593 appetitus
1468 4515 1528 4576 Sed
1544 4515 1717 4582 libidinosa
1737 4523 1836 4588 volu-

1041 4598 1111 4673 ptas
1126 4610 1192 4654 non
1206 4592 1311 4655 solinu
1327 4600 1376 4656 est
1394 4595 1428 4654 in
1438 4597 1597 4670 venereis,
1615 4598 1668 4660 sed
1684 4601 1779 4663 etiam
1801 4603 1836 4669 iu

1042 4673 1150 4734 multis
1163 4673 1247 4735 aliis.
1258 4673 1343 4755 Ergo
1351 4674 1482 4737 luxuria
1494 4691 1559 4737 nou
1574 4681 1622 4738 est
1635 4678 1738 4740 solirm
1750 4681 1837 4745 circa

1042 4752 1315 4832 concupiscentias
1333 4759 1364 4815 ct
1379 4754 1557 4834 voluptates
1573 4773 1740 4820 venereas.

1082 4832 1141 4894 Sed
1159 4837 1272 4895 contra
1284 4837 1333 4895 est
1347 4833 1432 4913 quod
1449 4835 1566 4897 dicitur
1577 4836 1610 4896 in
1623 4836 1679 4897 lib.
1696 4837 1734 4898 de
1757 4837 1855 4904 verd-

1042 4912 1221 4992 Religione,
1232 4930 1302 4991 cap.
1317 4913 1347 4988 3,
1363 4911 1383 4977 d
1399 4915 1493 4988 mod,
1512 4915 1549 4976 de
1565 4915 1742 4978 luxuriosis
1754 4937 1761 4978 ε
1773 4917 1838 4994 Qui

1043 4992 1215 5054 seminatio
1225 5011 1327 5062 carne,
1340 4993 1376 5056 dc
1387 5011 1479 5056 corno
1491 5003 1580 5055 metet
1592 4996 1835 5074 corruptionem.

1044 5071 1103 5133 Sed
1116 5073 1285 5134 seminatio
1303 5073 1408 5136 caruis
1426 5073 1460 5134 tit
1472 5093 1530 5153 per
1545 5072 1722 5152 voluptates
1737 5095 1837 5138 vene·

1044 5169 1128 5214 reas.
1144 5151 1229 5232 Ergo
1243 5153 1284 5214 ad
1298 5153 1356 5215 has
1372 5154 1509 5232 pertinet
1522 5153 1663 5215 luxuria.

1084 5231 1272 5310 Respondeo
1286 5233 1454 5296 dicendum
1475 5232 1571 5312 qudd,
1594 5232 1676 5294 sicut
1695 5233 1837 5300 isidorus

952 5357 954 5362 ,
1045 5311 1121 5374 dicit
1135 5313 1168 5372 in
1181 5312 1236 5373 lib.
1256 5311 1295 5372 lo
1307 5313 1458 5395 Etymol.,
1475 5312 1516 5381 ad
1535 5311 1596 5372 litt.
1614 5313 1839 5376 :Luxuriosus

1045 5390 1162 5473 uliquis
1187 5390 1307 5454 dicitur
1329 5393 1417 5473 quusi
1439 5391 1560 5452 solutus
1587 5390 1623 5453 iu
1650 5393 1836 5474 voluptates.

1046 5469 1186 5534 Maxime
1205 5477 1312 5535 autem
1327 5473 1507 5551 voluptates
1525 5487 1672 5534 venereae
1694 5475 1839 5536 animum

1047 5551 1187 5613 hominis
1200 5552 1350 5614 solvunt:
1365 5555 1397 5613 et
1411 5550 1481 5613 idob
1496 5549 1581 5614 circa
1592 5551 1773 5632 voluptates
1786 5571 1839 5615 re·

1048 5649 1162 5694 aereas
1178 5629 1319 5695 maximb
1331 5629 1463 5692 luxuria
1478 5629 1710 5693 consideratur.

1087 5710 1136 5775 Ad
1149 5711 1290 5790 primum
1304 5726 1381 5788 ergo
1396 5709 1746 5790 dicendumquddsicut
1760 5713 1839 5776 tem-

1048 5791 1196 5872 perantia
1209 5789 1430 5870 principaliter
1443 5789 1571 5870 quidem
1592 5795 1624 5852 et
1639 5790 1769 5874 proprid
1794 5795 1840 5858 est

1404 5889 1669 5970 (Tranio-quoire
1679 5893 1699 5970 )
