4080 6346
239 358 291 418 ssi
519 349 527 366 ·
619 369 630 386 ·
684 344 813 406 sunus.
832 331 1062 397 inremotus
1079 331 1238 420 suenum
1255 335 1433 398 seeum„
1552 327 1576 370 .·
1828 339 1873 400 m

240 473 486 558 superstitiones
496 467 676 549 procedunt
684 484 727 528 ex
738 465 849 542 aliquo
858 464 1035 554 paetocum
1091 462 1168 526 tum,
1183 453 1231 518 tu
1243 463 1280 518 ut
1293 454 1374 518 ulter
1392 455 1537 552 desidet..
1546 455 1668 520 scilieet
1682 455 1770 552 Deus
1786 476 1874 524 ierus

240 553 439 622 demonibus
451 548 655 624 inito,'tuo'ito
670 546 722 612 vel
735 557 891 624 expresso
903 561 911 601 ε
924 533 1037 603 etided
1089 535 1141 596 vel
1155 533 1290 599 talsusd
1307 534 1403 600 eorde
1415 535 1575 614 hominis;
1594 545 1624 599 et
1638 535 1781 618 pultium
1794 536 1875 614 dress

240 652 354 700 omnes
379 630 481 696 intelli
528 633 604 692 ntur
623 625 789 710 prohiberi
812 623 846 685 iu
867 622 929 683 hoe
949 617 1036 698 quod
1088 623 1255 697 utrumque
1269 616 1390 696 operire
1401 633 1467 677 uon
1475 619 1598 697 potest.
1611 618 1672 678 Per
1686 618 1874 699 irreligiosi·
1991 679 1992 708 ,

241 716 359 780 dieitur
372 733 381 776 s
396 711 474 778 Nou
545 709 607 772 ebis
621 709 693 772 deos
706 705 835 769 alienus.
1088 697 1186 758 tatem
1199 701 1309 760 autem
1329 695 1502 775 impeditur
1520 697 1648 778 religio,
1656 696 1819 778 quentiim
1839 699 1875 762 ad

241 841 424 904 liuentis
437 853 485 899 1¹1·
500 828 1037 970 -nintneeendempreeeptop
1087 773 1311 918 {laedium
1316 775 1510 918 ’311111ιηῖξῖ
1524 794 1638 919 8115111
1641 777 1875 936 [113111111ῃέ

280 917 432 998 1111131091
456 914 677 1009 mmmm
694 909 851 974 ‘mm‘
866 905 930 988 '’(
971 923 1037 968 ⁰⁶²⁸
1089 935 1257 998 colendum
1269 932 1368 1014 qudm
1380 953 1454 997 eum
1466 941 1650 1017 susceptum
1665 935 1838 1001 bonorare.

281 1019 364 1080 sup..
379 1003 441 1060 (111·
456 996 486 1072 1,
503 991 668 1073 induisti-l
1126 1015 1167 1076 Et
1180 1014 1252 1077 ided
1263 1015 1468 1094 premittitur
1481 1021 1676 1096 preceptum
1689 1034 1758 1094 quo
1770 1017 1876 1096 prohi-

231 1165 238 1172 ,
280 1087 1036 1175 Adtertiumsieproceditui.1.Videturqudd
1088 1093 1183 1156 betur
1197 1095 1393 1175 superstitio,
1405 1096 1546 1158 secundo
1557 1099 1718 1174 precepto
1730 1115 1797 1175 quu
1808 1114 1876 1176 pro·
1991 1129 1992 1164 3

242 1178 418 1245 seeundum
442 1179 637 1256 preceptum
655 1171 808 1251 Deculogi
825 1186 890 1232 non
911 1185 1036 1232 conve-
1087 1171 1218 1236 bibetur
1230 1173 1408 1256 perjurium
1422 1174 1462 1238 nd
1483 1175 1758 1256 irreligiositatem
1778 1177 1876 1256 peiti-

242 1261 369 1323 nienter
383 1257 539 1320 tradetur.
555 1255 624 1316 Hoc
634 1254 719 1316 euim
730 1254 925 1330 preceptum
939 1268 946 1308 :
960 1247 994 1313 N
995 1267 1037 1310 ou
1087 1270 1181 1316 nens.

242 1357 375 1406 assumes
386 1354 499 1399 nomeu
512 1335 572 1398 Dei
589 1333 638 1396 tui
651 1333 686 1394 in
699 1349 824 1399 venum,
840 1329 887 1392 sio
900 1329 1036 1408 exponi·
1128 1334 1174 1395 hd
1184 1334 1322 1414 primum
1336 1352 1413 1415 ergo
1429 1333 1596 1398 dicendum
1608 1335 1695 1413 qudd
1711 1336 1876 1415 illeexpo·

240 1421 339 1483 turin
355 1415 469 1480 Glossd
491 1414 599 1492 interl,-
622 1412 724 1474 Exod·
754 1409 814 1472 202
829 1409 861 1472 N
864 1427 905 1470 vo
920 1409 1037 1473 edisti·
1088 1413 1220 1476 sitiones
1233 1418 1308 1476 sunt
1320 1415 1477 1496 mystice3
1491 1415 1637 1477 litteralis
1653 1420 1765 1478 autem
1784 1433 1876 1496 expo·

241 1519 300 1563 mes
315 1506 490 1560 creaturum
505 1513 566 1556 esse
581 1493 681 1576 filium
693 1490 768 1559 Dei.
787 1507 844 1570 per
881 1488 945 1551 uod
960 1505 1035 1569 pro-
1088 1493 1162 1556 sitio
1173 1499 1222 1555 est
1233 1511 1305 1572 que
1315 1495 1593 1557 hebeturllcuter.
1608 1495 1738 1559 drNon
1748 1514 1875 1558 assumes

232 1572 706 1648 hibeturerrorcontretidem3
723 1508 886 1634 eibeuiflt
899 1569 1035 1648 exponi·
1087 1591 1199 1635 nomeu
1220 1573 1280 1637 Dei
1302 1574 1350 1637 tui
1370 1574 1406 1638 iu
1425 1593 1557 1644 eanum,
1579 1574 1721 1653 scilicet,
1737 1574 1874 1658 jurando

188 1675 201 1698 ⁰
240 1665 293 1721 tur
307 1659 340 1720 iii
356 1653 469 1720 Glossd
483 1652 693 1717 interl.:Nou
706 1668 839 1712 assumes
851 1668 965 1721 nomeu
974 1649 1034 1712 Dei
1080 1669 1144 1736 pre
1159 1670 1272 1734 reque
1285 1672 1348 1715 non
1366 1662 1420 1717 est,
1762 1685 1767 1692 .

240 1739 289 1802 tui
303 1740 338 1801 in
351 1755 483 1804 neurim,
504 1757 519 1792 d
536 1732 655 1796 seilicet
669 1750 781 1793 nomeu
795 1730 854 1792 Dei
866 1729 970 1808 lipsio,
985 1727 1034 1792 vel
1126 1731 1174 1793 hd
1194 1734 1370 1796 secundum
1390 1733 1558 1798 dicendum
1572 1734 1658 1813 qubd
1680 1752 1750 1797 uon
1765 1733 1876 1816 probi.

239 1817 343 1898 topi'di
352 1813 650 1892 attribuens-domper
660 1812 745 1891 quod
753 1809 943 1889 prohibetur
952 1808 1034 1873 laisa
1048 1863 1052 1868 .
1087 1812 1182 1874 betur
1196 1813 1347 1892 quelibet
1363 1815 1541 1892 assumptio
1554 1813 1652 1877 divini
1668 1815 1810 1878 nominis
1822 1830 1875 1893 per

124 1927 134 1935 ·
240 1898 411 1969 consessio,
428 1912 500 2034 Ἅυω
515 1899 564 1956 est
577 1893 666 1956 actiis
681 1889 891 1963 infidelitatis,
906 1889 990 1951 sicut
1002 1893 1033 1950 et
1086 1889 1149 1954 hoo
1162 1897 1368 1972 preceptum,
1384 1894 1438 1956 sed
1451 1892 1581 1974 proprie
1594 1891 1650 1958 illa
1663 1892 1876 1973 qudessumi-

241 1995 343 2041 error.
373 1974 433 2036 lnsi
456 1974 546 2036 elitas
568 1977 677 2036 autem
697 1976 747 2034 est
789 1969 856 2032 rior
874 1967 1034 2047 supersti-
1086 1975 1141 2032 tur
1154 1971 1300 2034 divinum
1321 1991 1440 2035 nomen
1455 1973 1495 2037 ad
1514 1972 1796 2036 confirmationem
1814 1973 1876 2034 hu-

240 2057 340 2130 tione,
357 2056 440 2118 sicut
453 2057 484 2115 et
497 2052 574 2116 fides
589 2052 757 2132 religione.
801 2067 859 2130 rgo
874 2049 935 2111 hoc
951 2065 1033 2126 pre-
1087 2051 1175 2114 muni
1189 2051 1280 2115 verbi
1297 2069 1356 2130 per
1371 2054 1506 2114 modum·
1519 2052 1714 2133 juramenti,
1730 2054 1807 2132 quia
1819 2053 1875 2114 ista

241 2139 368 2215 ceptum
381 2133 490 2196 debuit
503 2131 653 2226 premitti
664 2131 780 2212 primo,
798 2130 832 2190 iii
843 2145 908 2208 quo
918 2129 1033 2207 prohi-
1087 2130 1520 2210 assumptiodirininomiuis
1530 2129 1875 2212 estirequentiurepud

240 2217 335 2280 betur
349 2214 545 2294 superstitio.
684 2247 687 2263 ι
1087 2209 1247 2274 homines.
1265 2213 1490 2275 Potesttamen
1504 2231 1546 2276 ex
1559 2211 1773 2293 consequenti
1790 2211 1875 2274 iutel-

281 2295 311 2354 2.
333 2297 501 2366 Preteiea,
517 2309 634 2354 nomen
647 2291 705 2353 lici
718 2290 759 2354 ad
773 2289 875 2350 multa
887 2289 1033 2350 assumi·
1085 2289 1155 2370 ligi,
1170 2290 1255 2386 qubd
1269 2309 1328 2386 per
1339 2293 1401 2366 hoc
1414 2292 1625 2372 prohibeatur
1639 2293 1746 2356 omnis
1759 2290 1876 2353 inordi-
1991 2355 1992 2358 Ἴ

241 2379 305 2448 tur,
318 2376 400 2439 sicut
409 2373 449 2436 ad
460 2373 668 2444 laudandum,
683 2371 723 2434 ad
736 2369 894 2431 miracula
909 2367 1034 2431 facien·
1087 2374 1165 2433 nata
1177 2371 1278 2432 divini
1291 2371 1431 2436 nominis
1446 2372 1634 2451 assumptio.
1647 2372 1690 2434 Et
1706 2368 1875 2436 seeundiim

179 2456 183 2462 ’
241 2447 1033 2530 duni,etuniversaliteradomniaquedicuntur
1087 2448 1151 2512 hoc
1171 2451 1434 2530 procedunt-ille
1454 2451 1674 2531 expositiones
1704 2453 1743 2515 de
1764 2451 1873 2531 quibus
1991 2467 1992 2474 ³

241 2534 293 2596 vel
310 2533 391 2596 liunt
405 2530 426 2598 d
443 2533 552 2606 nobis,
568 2527 745 2594 seeundum
762 2528 841 2590 illud
860 2527 902 2590 ad
918 2528 985 2590 Col.
1000 2527 1030 2603 3,
1089 2531 1321 2608 supradictum
1336 2530 1431 2594 estin
1446 2549 1515 2612 erg.
1533 2532 1560 2593 1.

242 2614 300 2676 17:
317 2614 414 2677 Omne
427 2613 638 2694 quodcumque
648 2610 755 2694 fucitis
766 2608 857 2670 uerbo
871 2607 919 2669 eei
931 2626 1030 2688 opere,
1127 2609 1177 2672 hd
1189 2611 1319 2673 tertium
1335 2610 1504 2674 dicendum
1518 2611 1605 2689 qubd
1627 2630 1690 2690 pro
1705 2611 1807 2674 nihilo
1821 2609 1875 2688 ju-

242 2693 407 2757 innomine
417 2692 546 2755 bomini
555 2691 659 2772 [acite.
669 2691 755 2770 Ergo
765 2692 1033 2767 preceptumquo
1083 2706 1165 2772 rare
1179 2690 1296 2752 dicitur
1314 2691 1368 2754 ille
1386 2689 1444 2769 qui
1462 2691 1551 2770 jurat
1569 2708 1629 2770 pro
1649 2709 1690 2754 eo
1710 2692 1796 2770 quod
1816 2705 1874 2749 uon

264 2773 432 2836 rohibotur
446 2789 563 2833 nomen
574 2772 630 2833 Dei
648 2768 770 2834 assumi
785 2769 819 2829 in
834 2784 966 2841 vanum,
982 2767 1035 2830 vi·
1090 2774 1139 2830 est
1150 2787 1158 2828 ε
1171 2771 1256 2846 quod
1267 2769 1405 2848 pertinet
1415 2769 1454 2832 ed
1467 2769 1582 2833 laisum
1590 2771 1799 2850 jurationem,
1811 2783 1875 2846 que

241 2792 336 2915 fletur
344 2851 561 2913 universalius
571 2868 642 2914 osse
652 2847 752 2929 qudm
765 2852 1033 2926 preceptumquo
1089 2848 1311 2928 principaliter
1320 2847 1500 2931 perjurium
1520 2851 1720 2924 nominatur,
1736 2853 1875 2926 utsupra

242 2933 434 3010 prohibetur
447 2929 644 3010 superstitio,
658 2932 689 2992 et
706 2929 751 2991 ita
768 2926 877 3002 debuit
896 2927 926 2989 ei
945 2943 1033 3006 pre-
1090 2927 1211 2990 dictum
1235 2934 1305 3002 est,
1321 2932 1434 3008 quest.
1450 2929 1501 3004 93,
1517 2933 1578 2992 art.
1602 2932 1631 3004 1,
1648 2931 1690 2993 ad
1704 2931 1734 2993 3.
1750 2925 1875 3004 Quando

211 3027 215 3034 ·
243 3011 334 3073 mitti.
1092 3007 1178 3069 enim
1201 3008 1318 3086 aliquis
1343 3008 1460 3072 iulsum
1475 3009 1582 3090 jurat,
1603 3012 1682 3073 tune
1703 3007 1820 3091 juratio
1834 3007 1876 3067 est

237 3155 240 3158 ,
285 3089 315 3151 3.
332 3086 676 3165 Pistorensium,
692 3085 910 3166 exponiturin
921 3084 1036 3149 Glossd
1090 3103 1177 3150 vane
1189 3083 1367 3149 secundilm
1381 3088 1531 3166 seipsam,
1548 3089 1707 3168 quianon
1722 3083 1875 3151 hubettir·

244 3170 352 3232 interl.
368 3168 447 3230 illud
459 3171 652 3262 preceptum
666 3187 675 3227 ε
688 3165 765 3231 Nou
777 3185 911 3227 assumes
924 3183 1037 3227 nomeu
1090 3173 1289 3230 mamentum
1303 3167 1465 3242 veritatis;
1488 3169 1620 3246 quando
1635 3176 1748 3232 autem
1766 3163 1873 3243 aliquis
1991 3241 1992 3258 ξ

244 3249 304 3311 Dei
320 3247 368 3311 tui
380 3249 416 3311 iu
427 3267 550 3318 oenum,
562 3246 701 3329 jurando
711 3245 831 3309 scilicet
844 3263 904 3325 pro
914 3245 1035 3306 nihilo:
1088 3246 1179 3340 jurat
1192 3247 1262 3308 sine
1272 3246 1393 3327 judicio
1403 3264 1445 3309 ex
1456 3245 1567 3326 aliqud
1580 3249 1724 3322 levitate,
1736 3247 1763 3310 si
1774 3259 1875 3310 rerum

244 3328 331 3392 unde
345 3328 470 3392 videtur
481 3348 540 3408 per
552 3328 615 3392 hoe
628 3325 792 3408 prohiberi
806 3342 891 3390 vana
902 3325 1035 3405 juratio,
1088 3330 1189 3408 Jurat,
1207 3330 1335 3390 nonest
1351 3327 1396 3388 ibi
1412 3327 1538 3390 renites
1554 3343 1596 3389 ex
1609 3332 1703 3407 purte
1718 3327 1816 3422 ipsius
1827 3322 1877 3403 ji-

246 3427 320 3488 que
336 3411 386 3471 est
400 3408 521 3471 scilieet
534 3409 604 3470 sine
615 3407 746 3488 judicio.
762 3405 822 3470 Sed
839 3405 940 3467 multo
957 3423 1038 3486 gra·
1094 3408 1250 3481 rumenti,
1267 3406 1322 3470 sed
1339 3405 1445 3468 soliim
1459 3425 1500 3470 ex
1512 3413 1604 3487 purte
1620 3409 1770 3472 'urentis
1868 3477 1874 3492 ,

246 3489 319 3550 rior
330 3492 379 3551 est
401 3488 482 3552 falsa
494 3488 636 3569 juratio,
652 3505 725 3568 que
739 3491 788 3548 est
806 3487 877 3548 sine
890 3486 1037 3559 veritate,
1134 3486 1181 3546 hd
1203 3490 1356 3566 quartum
1377 3486 1547 3549 dicendum
1564 3428 1664 3568 qugd,
1678 3489 1763 3562 sieut
1779 3483 1806 3547 ei
1827 3494 1876 3559 qut

247 3573 280 3630 et
294 3567 414 3662 injusta
426 3569 559 3650 juratio,
575 3584 649 3648 que
660 3572 708 3630 est
722 3567 791 3628 sine
802 3565 937 3647 justitia.
954 3565 1039 3645 Ergo
1092 3567 1267 3629 instruitur
1279 3566 1313 3626 in
1333 3565 1445 3644 aliqud
1464 3567 1617 3642 scientia,
1635 3567 1742 3646 primd
1762 3577 1875 3653 propo-

248 3664 351 3729 magis
366 3649 547 3712 debuerunt
560 3648 616 3711 illa
630 3645 794 3728 prohiberi
810 3664 867 3726 per
880 3645 943 3708 hoc
956 3662 1041 3723 pre-
1094 3650 1217 3707 nuntur
1239 3645 1386 3725 quedam
1403 3648 1587 3711 communia
1607 3647 1819 3717 documenta,
1837 3641 1877 3701 lia

249 3747 285 3792 cc
310 3732 388 3790 tum.
1095 3725 1193 3788 etiem
1208 3725 1260 3788 lex
1273 3771 1282 3799 ,
1297 3743 1370 3804 que
1387 3725 1526 3788 instituit
1542 3727 1708 3789 hominem
1722 3726 1762 3790 ad
1780 3723 1877 3784 rirtu-

286 3747 319 3868 1.
341 3809 520 3881 Preteree,
538 3805 641 3888 multd
661 3805 792 3900 gravius
813 3807 980 3885 peceatum
994 3806 1043 3866 est
1093 3808 1160 3867 tem
1173 3805 1206 3865 iii
1222 3805 1388 3884 preceptis
1401 3806 1573 3886 Decelogi‚
1592 3824 1665 3887 que
1678 3810 1755 3869 sunt
1768 3803 1875 3884 prime

251 3885 465 3966 blasphemie,
480 3887 532 3949 vel
548 3885 703 3964 quicquid
716 3886 773 3950 tiut
785 3885 905 3956 verbo,
921 3885 974 3947 vei
992 3883 1043 3946 ia·
1096 3885 1265 3964 proposuit
1278 3900 1318 3947 ea
1337 3884 1387 3947 vel
1406 3885 1607 3965 prohibendo
1630 3887 1683 3949 vel
1706 3877 1876 3948 mandando

251 3967 302 4027 oto
325 3973 359 4026 iu
382 3963 609 4028 coutumeliam
630 3965 706 4043 Dei,
730 3962 830 4044 qudm
851 3962 1041 4044 perjurium.
1095 3980 1169 4042 que
1183 3964 1386 4026 communius
1401 3965 1435 4026 in
1450 3980 1548 4027 cursu
1568 3966 1641 4030 rite
1657 3965 1807 4029 humane
1825 3973 1877 4044 so-

249 4043 336 4125 Ergo
351 4043 549 4122 blasphemia
561 4087 570 4119 ,
584 4047 617 4107 et
637 4045 700 4106 elia
720 4044 903 4125 hujusmodi
918 4044 1045 4106 debus-‘-
1095 4043 1164 4104 lent
1178 4043 1333 4106 accidere.
1348 4043 1389 4105 Et
1407 4042 1479 4106 ided
1502 4045 1587 4108 iuter
1600 4050 1760 4124 precepta
1780 4043 1877 4102 Decu-

253 4129 331 4186 runt
343 4125 444 4204 magis
459 4142 517 4206 per
531 4123 593 4186 hoo
606 4127 801 4204 preceptum
817 4123 993 4202 prohiberi.
1096 4122 1161 4204 logi
1198 4123 1364 4185 rohibotur
1377 4124 1567 4202 perusium,
1583 4125 1670 4205 quod
1687 4111 1876 4202 frequentiis

292 4200 322 4263 5.
338 4204 506 4280 Preteree,
523 4204 625 4267 multu
638 4207 714 4266 suut
727 4204 785 4264 Dei
800 4203 944 4266 nomina.
959 4203 1044 4283 Ergo
1097 4141 1210 4264 ueeiifit
1225 4200 1323 4280 quam
1338 4143 1453 4284 blespli

253 4299 319 4344 non
333 4283 442 4346 debuit
465 4280 710 4346 indeterminate
727 4282 788 4345 dici
801 4303 808 4352 ς
821 4283 898 4346 Nou
910 4301 1044 4343 assumes
1097 4277 1165 4344 rids
1181 4281 1374 4361 prolabitur.
1869 4349 1875 4364 ‚

252 4381 364 4425 nomeu
378 4363 440 4426 Dei
453 4362 502 4427 tui
515 4363 551 4427 in
564 4382 689 4426 oenum.
1138 4362 1184 4423 Ad
1197 4362 1346 4440 quintum
1356 4362 1526 4425 dicendum
1534 4363 1619 4443 qudd
1632 4363 1814 4426 nominibus
1827 4355 1877 4415 Del

292 4443 352 4507 Sed
361 4443 394 4506 iu
406 4443 603 4507 contrarium
614 4447 663 4506 est
675 4444 850 4508 auctoritas
860 4443 1031 4523 scripture
1098 4441 1232 4505 debetur
1244 4443 1428 4507 reverentia
1446 4460 1487 4505 ex
1507 4450 1599 4522 parte
1620 4445 1666 4506 rei
1682 4441 1876 4525 significate,

292 4523 481 4602 Respondeo
503 4523 672 4587 dicendum
696 4522 783 4604 qudd
806 4528 932 4603 oportet
954 4520 1044 4604 prids
1098 4539 1170 4601 que
1188 4525 1236 4584 est
1254 4539 1340 4598 une3
1354 4539 1421 4583 non
1443 4525 1552 4586 autem
1565 4525 1692 4588 ratione
1706 4535 1818 4586 iocum
1833 4530 1877 4574 ει·

252 4602 481 4683 impedimenta
495 4621 580 4668 vere
593 4604 758 4684 religionis
773 4603 944 4668 excludere
957 4605 991 4666 in
1006 4621 1045 4666 eo
1098 4600 1330 4682 guibrentium,
1346 4620 1419 4681 que
1433 4607 1510 4666 sunt
1530 4603 1650 4667 multe.
1665 4604 1705 4665 Et
1724 4600 1793 4665 ided
1812 4594 1878 4680 siuff

253 4683 311 4762 qui
322 4681 502 4746 instituitur
511 4683 552 4746 ad
562 4681 829 4763 virtutemqudm
839 4703 912 4747 eum
923 4684 956 4746 in
968 4682 1046 4748 vcra
1099 4682 1254 4774 gulariter
1272 4681 1353 4744 dixit
1366 4703 1373 4742 :
1386 4681 1419 4745 N
1421 4702 1462 4744 ou
1482 4703 1616 4745 assumes
1632 4702 1744 4746 nomeu
1761 4675 1817 4741 Det'
1836 4679 1875 4732 1¹⁴⁸

1455 4204 1550 4280 emin,
1566 4205 1599 4266 iu
1614 4203 1877 4284 quamhomora·
1990 4231 1992 4270 i

253 4761 878 4844 religionc‘iundare.Opponiturautem
888 4763 1047 4829 vorereli·
1098 4779 1134 4822 su
1148 4781 1285 4832 eanum,-
1299 4762 1378 4842 quia
1391 4779 1458 4824 nou
1475 4761 1580 4825 diiiert
1592 4782 1650 4843 per
1664 4762 1877 4844 quodcumttue
1991 4759 1992 4762 ’

254 4842 342 4923 pioni
349 4841 471 4921 aliquid
482 4841 650 4922 dupliciter
662 4864 669 4905 :
681 4861 748 4906 uno
760 4844 854 4908 modo
866 4864 923 4924 per
936 4863 1046 4908 exces-
1089 4859 1217 4918 vnornen
1234 4843 1293 4906 Dei
1307 4841 1486 4923 perjurium
1502 4845 1729 4908 committatur.

254 4922 490 5016 sum3quando
512 4922 633 5017 scilicet
652 4924 684 4986 id
702 4924 789 5003 quod
811 4930 860 4987 est
879 4925 1045 5018 religionis
1099 4969 1303 5031 Amemus!
1348 4966 1477 5032 ..Um
1517 4977 1529 5030 ι
1565 4971 1591 5030 ,-
1654 4970 1683 5032 D
1718 4966 1749 5030 d
1795 4962 1877 5018 Ἦ..

254 5001 349 5064 alteri
371 4999 511 5066 indebite
534 5003 717 5078 exhibetur,
729 5004 816 5084 qnod
839 5009 978 5083 perimet
1005 5004 1046 5068 ad
1141 5056 1262 5128 ceptum
1283 4987 1507 5111 cghvenimte'ss
1526 4977 1827 5119 affixam-⁰33¹}
1847 5031 1878 5092 p,

255 5082 1046 5179 superstitionem3aliomudoquasiperdeleetum
1139 5128 1388 5208 sanctificatione
1401 5127 1521 5192 sabbati
1546 5165 1584 5174 -
1612 5129 1690 5190 1-2,
1762 5131 1789 5186 s,
1815 5113 1867 5179 100

254 5167 461 5236 reverentie,
477 5181 551 5223 cum
573 5165 693 5226 scilicet
712 5165 797 5226 Deus
811 5165 1045 5239 contemnitur3
1140 5213 1202 5268 art·
1219 5205 1249 5278 5,
1264 5207 1346 5283 m,
1364 5216 1391 5269 e,
1405 5129 1680 5290 quoestu'ffignf
1713 5147 1835 5284 ’gaio'
1855 5154 1877 5250 e}

112 5273 122 5298 ·
240 5239 1048 5401 miuus{successuum}
1141 5287 1171 5359 ³,
1422 5289 1453 5364 i
1472 5291 1577 5351 ....
1736 5273 1877 5364 isin
1991 5315 1992 5390 ‚

257 5402 289 5461 et
302 5398 337 5463 iu
349 5403 410 5462 art.
429 5419 497 5479 seq.
512 5401 704 5481 Superstitio
717 5406 825 5465 autem
846 5403 977 5482 impedit
989 5423 1049 5467 re-
1141 5365 1203 5429 J⁰⁶
1217 5365 1248 5444 2³
1265 5366 1324 5429 ⁶⁰¹·
1338 5367 1370 5444 ρ’
1387 5371 1454 5451 fin..
1471 5376 1500 5430 ⁶⁸
1514 5369 1635 5432 001013·
1653 5367 1684 5444 2,
1700 5369 1767 5430 1111·
1784 5357 1825 5438 t.)

255 5479 409 5623 1313101οω
418 5479 751 5558 quantiimadhoc,nc
761 5483 1047 5562 suscipiaturDeus
1142 5488 1191 5551 hd
1201 5493 1354 5568 quartum
1365 5469 1877 5570 siepioeeditur.1.videturu¹1⁶l
1991 5525 1992 5536 ¹

242 5635 395 5718 'plicatus
411 5645 459 5702 est
471 5641 567 5704 alicui
583 5642 683 5705 cultui
697 5643 849 5720 indebito,
866 5659 932 5705 non
945 5648 1051 5724 potest
1102 5649 1261 5726 tradatur,
1279 5650 1401 5714 scilicet
1420 5652 1459 5713 de
1481 5651 1733 5716 sanctificatione
1753 5638 1875 5710 sabbat·

257 5718 357 5812 simul
369 5719 512 5783 debitum
520 5721 578 5784 Dei
591 5721 713 5785 cultum
729 5723 914 5803 suscipere,
930 5742 1052 5788 secun·
1103 5730 1173 5792 lloe
1181 5730 1466 5812 enimpreoeptum
1476 5733 1688 5812 spiritualiter
1697 5724 1876 5794 intellectum

257 5793 335 5860 ditm
346 5798 426 5862 illud
438 5799 502 5866 lsa-
515 5799 566 5878 28,
579 5801 619 5863 2⁰
630 5822 639 5864 ε
650 5801 898 5884 Couspustutum
911 5812 955 5869 eu
965 5814 1052 5869 stru-
1105 5812 1154 5874 est
1166 5811 1317 5884 generale
1329 5831 1337 5872 ι
1348 5829 1423 5878 uum
1438 5830 1537 5884 super
1550 5812 1628 5874 illud
1640 5813 1726 5878 enim
1740 5809 1811 5873 Luc.
1827 5791 1875 5858 ¹³³

312 5559 492 5622 colendum.
517 5560 576 5623 llle
594 5565 703 5625 autem
724 5562 816 5642 cujus
834 5563 962 5627 enimus
983 5563 1050 5628 im·
1103 5569 1368 5633 inconvenienter
1381 5571 1512 5634 tertium
1531 5559 1878 5652 preceptum-besalis
1990 5551 1992 5610 1
