4120 6338
197 349 251 407 aaa
765 341 898 413 ouesr.
918 341 975 400 cs.
997 343 1041 400 ue
1060 343 1247 401 namurcen.
1776 358 1832 416 ,ω

193 463 229 526 tit
241 481 300 544 per
312 461 421 542 aliqua
438 459 530 542 cigna
546 478 554 521 τ
568 475 640 540 quae
654 456 782 538 quidem
795 453 988 520 manifesta·
1081 457 1127 519 hd
1143 457 1270 520 tertium
1292 458 1459 522 dicendum
1485 463 1570 542 qrrdd
1588 465 1743 546 cupiditas
1766 469 1833 532 fal*-

192 544 249 616 tio,
266 541 335 606 sire
347 542 525 604 enuntiatio
544 544 594 602 est
608 537 743 599 rationis
765 535 855 598 actds
872 531 987 598 eonfc-
1040 535 1123 597 leudi
1138 538 1275 615 pertinet
1290 539 1329 601 ad
1342 539 1569 618 perfectionem
1583 546 1752 618 mendacii,
1766 567 1831 612 non

192 622 294 683 centis
326 619 517 702 signumad
547 619 708 698 signatum
735 635 743 675 ε
770 615 876 677 omnis
899 615 986 677 enim
1039 620 1147 676 autem
1169 616 1210 677 ad
1236 617 1374 709 speciem
1399 621 1512 698 ipsius,
1528 623 1612 684 sicut
1632 641 1692 686 uec
1711 626 1831 706 adque
1870 684 1872 690 .

191 699 434 778 repraesentatio
448 697 594 760 consistit
607 695 640 757 in
655 693 984 774 quddamcoltatiouo,
1039 691 1168 756 effectus
1178 700 1314 775 pertrnct
1325 697 1364 758 ad
1378 699 1516 775 speciem
1529 719 1596 764 suae
1608 719 1725 766 causa.

191 797 266 859 quae
276 777 404 872 proprie
424 778 562 856 pertinet
581 773 621 838 ad
634 776 804 836 rationem.
822 772 910 834 Unde
926 773 984 835 etsi
1038 775 1218 836 Anniculus
1233 793 1269 836 rr.
1287 809 1326 820 -
1339 775 1452 838 fftrdm
1466 779 1658 842 menducium
1672 783 1831 864 suspicion·

191 856 446 920 brutaammalia
456 853 796 933 aliquidmanifcctent,
806 859 984 944 nontamen
1078 859 1125 944 ter
1152 851 1315 915 dividetur
1336 872 1394 934 per
1419 857 1612 920 menducium
1638 862 1826 941 officiosum,

189 937 481 998 manifestationem
500 933 685 1006 intendunt3
700 931 754 993 sed
770 930 907 992 naturali
928 947 986 992 rn-
1069 947 1216 1010 jocosum
1241 938 1270 992 ct
1286 934 1511 1012 perniciosam.
1540 973 1578 982 -
1597 937 1649 1020 (3,
1672 939 1746 1002 dict.
1775 943 1827 1012 38,

189 1016 311 1076 stinctu
326 1015 447 1092 aliquid
470 1017 589 1092 agunt,
605 1013 644 1076 ad
659 1009 745 1089 quod
770 1008 984 1072 manifestatio
1076 1017 1183 1088 quest.
1196 1011 1225 1084 f,
1239 1018 1301 1072 nrt.
1316 1013 1330 1072 f
1345 1021 1374 1073 ct
1402 1011 1439 1085 5,
1456 1024 1484 1075 ct
1498 1034 1604 1096 opusc.
1621 1016 1671 1094 ot,
1691 1037 1761 1100 cup.
1789 1021 1830 1082 25

190 1095 351 1172 sequitur.
366 1094 403 1154 ln
418 1097 575 1172 quantum
591 1097 697 1154 tamen
712 1087 895 1169 hujusmodi
912 1105 984 1150 ma·
1076 1088 1164 1161 etad,
1176 1089 1299 1152 etPsol.
1313 1089 1347 1160 5,
1361 1093 1421 1154 col.
1432 1091 1476 1174 ὃ.)

189 1173 364 1244 nifesfatro,
382 1173 451 1234 sive
476 1170 653 1234 enuntiatio
667 1172 717 1230 est
735 1173 824 1229 actus
840 1167 982 1240 moralis,
1075 1166 1123 1227 Ad
1149 1167 1325 1230 secundum
1352 1170 1400 1232 sic
1421 1173 1615 1250 proceditur.
1646 1175 1675 1236 1.
1695 1176 1830 1240 Videtur

189 1251 412 1346 oportetqudd
428 1251 470 1312 sit
484 1249 694 1340 voluntarius,
707 1249 739 1308 et
752 1262 794 1308 en
806 1246 983 1307 intentione
1035 1244 1120 1322 qudd
1132 1247 1337 1341 mendacium
1350 1249 1829 1351 insufficienterdividaturper

190 1329 364 1394 voluntatis
382 1329 574 1408 dependens.
590 1327 757 1406 Objectum
777 1328 883 1386 aumm
900 1341 983 1402 pro·
1034 1324 1235 1388 mendacrum
1252 1328 1435 1419 officiosum,
1454 1347 1600 1408 jocosum
1614 1337 1646 1394 et
1669 1352 1829 1413 perpacem.

188 1407 297 1487 prium
316 1407 581 1472 manifestationis
599 1407 666 1468 dive
687 1403 917 1466 enuntiationis
935 1407 983 1465 est
1033 1405 1828 1493 cumliivisfocmmestdandasecundc'rmeaquae
1917 1413 1920 1420 '

187 1506 303 1550 verum
324 1489 374 1550 vel
388 1488 516 1550 falsum.
547 1485 686 1547 lutcntio
708 1481 786 1544 vero
806 1482 981 1544 voluntatis
1033 1499 1092 1560 per
1105 1499 1140 1562 se
1151 1484 1347 1546 conveniunt
1370 1487 1428 1559 rei,
1451 1493 1487 1547 ut
1500 1492 1584 1566 patet
1602 1508 1661 1568 per
1679 1492 1829 1556 Philoso-

191 1566 493 1645 inordiuetaepotest
505 1563 618 1629 adduc
629 1563 703 1625 ferri
716 1577 981 1640 :quorumunum
1033 1559 1132 1637 phum
1147 1563 1180 1622 ln
1194 1563 1375 1642 ihletaph„
1388 1570 1465 1626 text.
1476 1565 1526 1639 de,
1542 1573 1573 1629 el
1588 1569 1642 1630 lib.
1657 1571 1669 1629 f
1686 1571 1724 1632 de
1739 1573 1824 1634 Part.

193 1651 238 1708 est
263 1651 298 1707 ut
320 1644 435 1709 falsum
452 1644 651 1716 enuntietur-3
673 1641 761 1704 aliud
785 1645 833 1701 est
849 1637 979 1702 efiectus
1032 1639 1177 1716 animal„
1195 1659 1267 1720 cap.
1282 1642 1312 1715 3,
1328 1642 1414 1706 circa
1428 1645 1510 1706 med.
1522 1645 1580 1707 Sed
1593 1648 1729 1710 intentio
1745 1649 1828 1713 effe-

185 1725 338 1804 proprius
358 1724 446 1788 falsae
461 1723 703 1796 enuntiationis,
724 1724 759 1781 ut
773 1718 896 1782 scilicet
917 1719 981 1782 ali·
1030 1718 1102 1812 ¹cttls
1113 1727 1161 1781 est
1177 1727 1293 1798 praeter
1307 1723 1445 1800 speciem
1458 1723 1548 1786 actds
1565 1726 1707 1800 moralis,
1722 1735 1753 1790 et
1768 1748 1826 1808 per

186 1805 261 1882 quis
276 1804 415 1866 fallatur.
431 1854 437 1866 .
1032 1797 1178 1860 accidens
1194 1817 1228 1860 se
1244 1799 1339 1861 hahet
1350 1802 1388 1864 ad
1403 1802 1519 1880 ipsum,
1533 1809 1569 1865 ut
1579 1805 1724 1880 videtum
1740 1809 1826 1872 uude

227 1881 259 1943 si
274 1900 350 1964 ergo
367 1884 428 1945 isla
448 1883 509 1944 tria
529 1879 734 1951 concurrant,
750 1877 871 1939 scillcet
892 1875 979 1954 qudd
1031 1884 1062 1938 et
1075 1876 1190 1938 infiniti
1211 1877 1341 1941 effeetus
1365 1887 1500 1958 possunt
1519 1901 1616 1946 conse
1641 1886 1673 1946 ui
1696 1904 1737 1946 ex
1758 1905 1826 1948 uno

188 1959 304 2024 falsum
320 1963 362 2023 sit
377 1961 408 2022 id
423 1960 510 2039 quod
523 1959 721 2025 enuntiatur,
744 1961 776 2017 et
798 1955 884 2034 qnod
897 1953 980 2018 adsit
1030 1961 1115 2018 actm
1132 1956 1190 2018 Sed
1205 1957 1272 2020 haec
1286 1957 1400 2020 divisio
1414 1959 1509 2022 datur
1523 1902 1699 2025 secunaum
1714 1965 1826 2028 inteu-

191 2039 336 2104 roluntas
348 2040 462 2104 falsum
470 2037 669 2110 enuntiandi,
679 2042 710 2098 et
719 2033 835 2096 iterdm
844 2034 978 2096 intentio
1030 2035 1150 2096 tionem
1161 2035 1290 2098 effectius
1306 2056 1314 2098 ε
1328 2055 1404 2098 uam
1418 2040 1618 2102 mendacium
1623 2042 1766 2122 jocosum
1777 2049 1826 2106 est

186 2117 329 2194 fallendi,
345 2124 422 2180 tunc
445 2123 493 2180 est
516 2117 637 2180 falsitas
652 2115 879 2184 materialiter,
900 2114 978 2191 quia
1029 2113 1115 2191 quod
1135 2114 1169 2175 tlt
1189 2113 1388 2188 causdludi3
1404 2119 1606 2181 mendacium
1630 2127 1737 2184 autem
1751 2125 1826 2204 osp-

185 2197 303 2258 falsum
315 2198 445 2270 diuitum
460 2201 491 2258 et
505 2196 681 2258 formaliter
692 2191 978 2272 proptervoluuta·
1030 2193 1203 2256 ciosumest
1215 2194 1301 2272 quod
1311 2194 1824 2272 fitcausdutilitatimmendacium

185 2280 251 2336 tem
267 2276 383 2338 falsum
407 2275 548 2345 dicendi,
562 2278 594 2336 et
611 2271 754 2336 effective
770 2277 902 2352 propter
922 2287 978 2334 ro·
1030 2277 1136 2333 autem
1181 2273 1368 2335 orniciacum
1389 2279 1437 2336 est
1458 2277 1547 2352 quod
1560 2277 1595 2339 tit
1608 2277 1707 2342 causa
1721 2297 1826 2342 nocu-

184 2353 340 2417 luntetem
356 2355 526 2418 falsitatem
538 2351 751 2434 imprimendi.
1029 2351 1138 2412 menti.
1153 2291 1239 2432 firgo
1253 2354 1688 2419 inconvenienterhoomodo
1703 2359 1825 2422 diridi-

225 2433 284 2494 Sed
292 2437 398 2497 tamen
412 2435 495 2498 ratio
508 2432 664 2494 mendacii
676 2427 841 2492 sumiturd
851 2427 977 2492 formali
1028 2434 1082 2488 tur
1096 2431 1307 2492 mendacium.

184 2511 336 2587 falsitate,
352 2532 394 2574 ex
408 2512 469 2574 hoc
487 2512 608 2573 scilicet
627 2509 711 2589 qudd
739 2508 857 2587 aliquis
879 2508 977 2571 hahet
1067 2507 1097 2567 2.
1119 2509 1288 2582 Praeterea,
1304 2512 1503 2591 Augustinus
1519 2513 1552 2574 iu
1565 2513 1620 2576 lib.
1635 2513 1674 2576 de
1685 2515 1825 2579 Menda-

184 2591 383 2654 voluntatem
420 2591 535 2654 falsum
575 2589 781 2661 enuntiandi3
821 2585 906 2649 uude
946 2595 977 2650 et
1028 2585 1821 2672 eic,cap.ld‚dividitmeudaciuminoctopartcs:

183 2670 385 2733 mendacium
413 2669 598 2731 nominatur
620 2686 662 2730 cx
689 2684 728 2730 eo
750 2666 835 2746 qnod
864 2669 975 2728 contra
1027 2682 1165 2743 quorum
1188 2668 1328 2746 primum
1347 2674 1397 2730 cst
1418 2670 1454 2730 in
1475 2669 1621 2732 doctrind
1637 2672 1823 2751 reficiente,-

183 2754 323 2812 meutem
339 2749 520 2811 diciturne
533 2747 643 2810 idedsi
656 2746 730 2826 quis
745 2746 860 2807 falsum
874 2761 975 2805 euun·
1028 2745 1259 2808 secundumest
1273 2746 1356 2826 qnod
1369 2747 1450 2809 nelli
1457 2749 1573 2827 prosit,
1583 2758 1611 2810 et
1620 2749 1701 2812 obsit
1711 2749 1821 2821 alicui:

182 2827 251 2900 tief,
265 2828 396 2889 credens
407 2827 437 2888 id
451 2841 521 2890 esse
530 2833 711 2899 verunr,est
719 2823 845 2903 quidem
858 2822 975 2884 falsum
1026 2823 1156 2884 tertium
1180 2831 1229 2886 est
1253 2825 1336 2904 quod
1355 2826 1483 2905 prodest
1501 2827 1549 2889 ita
1573 2829 1646 2899 uni,
1674 2838 1711 2891 ut
1729 2829 1824 2892 elteri

182 2906 403 2980 materialiter,
421 2906 554 2967 sednon
568 2903 754 2982 feudaliter,
765 2903 843 2981 quia
851 2901 973 2964 falsitas
1027 2899 1127 2970 obsit,-
1139 2909 1291 2980 quartum
1303 2913 1352 2966 est
1365 2905 1449 2985 quod
1459 2906 1568 2986 fitsofd
1581 2908 1751 2971 mentiendi
1762 2911 1823 2991 [nl-

182 2989 232 3046 est
257 2989 373 3062 preter
397 2983 606 3046 intentionem
630 2982 762 3044 dicentis
778 2981 882 3042 :unde
907 2998 973 3042 non
1027 2979 1112 3041 tend·
1131 2981 1317 3052 ualitudine
1330 2984 1478 3062 quintum
1488 2987 1536 3046 est
1563 2987 1627 3048 ned
1658 2997 1669 3047 t
1675 2986 1824 3067 placendi

180 3061 279 3124 hahet
294 3062 466 3142 perfectam
480 3063 638 3125 rationem
652 3060 827 3133 mendacii;
844 3059 873 3120 id
888 3061 974 3120 enim
1027 3000 1218 3153 ceptz‘tccec
1241 3066 1367 3154 sextum
1398 3068 1528 3143 estque
1574 2990 1657 3128 nutri
1676 3065 1771 3137 obest,
1794 3077 1822 3130 ct

181 3142 269 3220 quod
283 3145 398 3220 praeter
412 3141 621 3203 intentionem
634 3139 766 3202 dicentis
779 3144 838 3212 est,
849 3155 907 3216 per
921 3155 975 3201 ac·
1023 3138 1153 3214 prodest
1174 3140 1272 3202 nicena
1296 3140 1339 3202 od
1363 3141 1608 3204 consere-andem
1633 3146 1822 3223 pecnnicm3

180 3220 291 3283 cidens
310 3225 382 3295 est,
407 3221 493 3284 unde
513 3237 579 3282 nou
598 3223 704 3298 potest
727 3237 799 3280 esse
826 3216 973 3296 specifica
1025 3217 1196 3296 septimum
1211 3218 1446 3298 cstqcodnetli
1462 3219 1555 3290 odeat,
1568 3231 1596 3284 ct
1611 3223 1741 3301 prodest
1754 3223 1822 3286 cli-

181 3297 372 3363 differentia.
386 3299 418 3361 Si
430 3298 508 3361 vend
528 3299 644 3376 aliquis
662 3296 838 3362 formaliter
857 3295 973 3358 falsum
1026 3297 1078 3356 cei
1092 3295 1458 3368 cdoitcndemmortcm:
1472 3303 1623 3360 octavum
1643 3302 1727 3381 qdod
1738 3303 1822 3366 nulli

181 3377 275 3450 dicat,
288 3379 409 3441 habens
426 3379 621 3440 voluntatem
634 3373 974 3448 falsumdicendl,lioet
1026 3371 1119 3443 odeat,
1130 3383 1158 3434 et
1170 3375 1301 3454 prodeat
1315 3376 1413 3437 elicui
1426 3376 1466 3437 od
1480 3377 1641 3440 citandam
1654 3381 1821 3442 immundi·

181 3457 393 3520 silverumid
410 3456 849 3536 quoddicitur‚inquantum
867 3459 972 3515 tamen
1026 3453 1101 3512 tiam
1115 3453 1318 3531 corporalem.
1329 3455 1644 3535 Ergovideturqudd
1656 3458 1760 3537 prima
1773 3458 1820 3520 di·
1894 3471 1896 3475 ’

180 3533 362 3614 hujusmodi
385 3541 476 3598 actus
491 3539 539 3597 est
555 3534 755 3596 voluntarius
774 3535 806 3594 et
827 3532 970 3608 moralis,
1026 3531 1110 3592 visin
1122 3531 1278 3594 mendacii
1289 3533 1330 3594 sit
1342 3533 1552 3596 insuflicieus.

180 3613 278 3676 habet
290 3631 393 3694 perse
407 3614 590 3686 falsitatum,
608 3618 639 3674 et
654 3630 712 3691 per
724 3610 868 3673 accidens
880 3611 972 3673 reri·
1064 3609 1094 3670 3.
1117 3611 1283 3682 Praeterea,
1300 3611 1513 3690 Philosophus
1528 3613 1561 3674 in
1577 3611 1595 3673 te
1609 3613 1725 3688 Enete,
1746 3633 1817 3695 cap.

179 3695 298 3767 tatem;
319 3694 404 3756 uude
421 3693 461 3754 ad
478 3692 616 3771 speciem
632 3690 789 3752 mendacii
808 3689 970 3769 pertingit.
1024 3687 1054 3758 7,
1066 3688 1174 3750 dividit
1189 3689 1390 3752 mendacium
1405 3692 1438 3750 in
1454 3691 1655 3772 jactantiam,
1667 3711 1738 3772 quce
1761 3713 1820 3756 ve-

178 3769 270 3844 Qudd
297 3777 405 3834 antem
431 3772 550 3850 aliquis
574 3769 718 3832 intendat
742 3767 913 3830 falsitatem
937 3769 971 3829 iu
1024 3784 1096 3826 rum
1111 3767 1236 3829 excedit
1249 3769 1282 3830 in
1295 3768 1485 3845 diceudo,‚et
1497 3769 1645 3840 ironiam,
1661 3790 1732 3850 quac
1743 3771 1819 3834 defr-

179 3850 331 3928 opinioue
345 3851 476 3914 alterius
486 3849 690 3922 constituere,
702 3846 839 3910 fallendo
853 3847 970 3925 ipsum,
1024 3845 1066 3905 cit
1095 3843 1116 3908 d
1144 3863 1220 3909 vero
1247 3847 1280 3908 iu
1298 3848 1406 3908 miuus
1435 3867 1442 3907 :
1467 3867 1539 3927 quae
1568 3850 1631 3910 duo
1651 3853 1712 3912 sub
1729 3853 1819 3913 nullo

179 3931 410 4007 uon-pertinet
435 3928 475 3992 ad
499 3928 638 4008 speciem
665 3926 833 3998 mendacii,
856 3925 912 3987 scd
931 3925 971 3987 ad
1023 3925 1246 4001 predictorum
1265 3927 1483 3988 membrorum
1498 3929 1713 3992 continentur.
1737 3931 1819 4010 Ergo

123 4027 130 4044 ·
177 4009 352 4084 quamdam
380 4007 605 4085 perfectionem
629 4006 743 4085 ipsius,
775 4005 858 4066 sicut
882 4009 913 4065 et
937 4004 970 4066 in
1024 4003 1149 4065 videtur
1167 4004 1254 4082 qudd
1274 4003 1391 4066 divisio
1416 4005 1567 4084 praedicta
1594 4008 1752 4071 mendacii
1778 4010 1819 4072 sit

179 4087 275 4149 rehns
296 4088 497 4150 namnetibus
517 4084 638 4164 aliquid
664 4085 802 4164 speciem
823 4085 969 4160 sortitur,
1023 4081 1254 4161 incompetens.

180 4164 206 4225 si
223 4164 358 4228 formam
373 4166 500 4239 habeat,
525 4164 650 4228 etiamsi
665 4163 747 4227 desit
768 4162 970 4226 formmeffe-
1062 4161 1122 4222 Sed
1146 4168 1257 4224 contra
1279 4168 1326 4225 est
1346 4161 1432 4242 quod
1452 4181 1551 4242 super
1572 4164 1650 4224 illud
1668 4166 1750 4244 psal.
1772 4166 1816 4228 o:

179 4247 265 4316 ctus3
292 4246 375 4310 sicut
401 4248 489 4323 patet
511 4244 543 4306 in
571 4244 680 4323 gravi,
704 4243 790 4322 quod
813 4243 971 4305 violenter
1022 4239 1138 4301 Perdes
1152 4260 1255 4302 omnes
1274 4244 1328 4322 qui
1341 4243 1513 4322 loquuntur
1526 4243 1727 4314 mendacium,
1744 4245 1819 4307 dicit

178 4320 308 4385 sursum
335 4323 510 4395 detinetur,
541 4341 581 4384 ne
600 4322 771 4384 descendat
794 4317 970 4384 secundum
1024 4319 1138 4382 Glossa
1162 4319 1171 4398 f
1190 4321 1258 4380 ord.
1275 4323 1371 4399 hug„
1387 4338 1429 4382 ex
1443 4321 1497 4381 lib.
1513 4320 1729 4396 deflendae,
1745 4341 1818 4404 cap.

178 4402 372 4480 exigentiam
385 4418 452 4465 suta
472 4399 592 4464 forme.
615 4400 666 4462 Sie
687 4417 764 4480 ergo
785 4403 873 4479 patet
883 4397 969 4477 qudd
1022 4397 1088 4476 1d)
1111 4399 1197 4476 qudd
1222 4407 1295 4460 aunt
1324 4399 1386 4460 tric
1411 4416 1523 4477 penard
1547 4399 1779 4464 mendaciorum
1807 4424 1818 4464 .·

177 4480 378 4542 mendacium
400 4477 518 4543 directe
544 4486 576 4542 et
594 4479 769 4542 formaliter
796 4480 970 4559 opponitur
1022 4476 1160 4554 quedam
1172 4478 1337 4539 enimsent
1352 4495 1412 4556 pro
1430 4475 1528 4537 solute
1541 4485 1569 4538 ct
1581 4479 1738 4542 concredo
1753 4483 1817 4544 cti-

177 4558 287 4619 rirtnti
300 4559 456 4622 veritatis.
1022 4555 1128 4633 cujus:
1144 4562 1187 4616 est
1206 4555 1296 4617 etin-m
1310 4554 1398 4616 aliud
1411 4573 1507 4634 penos
1520 4555 1674 4620 mendacii
1687 4559 1770 4638 qnod
1781 4565 1816 4640 fit

217 4637 264 4697 dd
289 4639 428 4716 primum
449 4655 525 4718 ergo
545 4635 711 4704 dicendum
737 4635 823 4714 quod
844 4651 970 4696 unum·
1016 4632 1113 4712 joce:
1131 4633 1336 4694 tertiumecrd
1350 4633 1504 4694 mendacii
1517 4652 1613 4712 penus
1628 4645 1672 4698 cst
1686 4638 1770 4716 qecod
1779 4641 1815 4718 ptt

177 4715 327 4794 quodque
344 4717 444 4796 magis
456 4716 619 4796 judicatur
633 4711 809 4776 secundum
831 4715 862 4774 id
882 4714 968 4793 quod
1022 4730 1061 4770 ecc
1073 4709 1278 4789 melipnitctc.
1299 4712 1439 4774 Primum
1461 4719 1568 4774 autem
1582 4713 1697 4776 horum
1719 4718 1816 4778 trium

177 4797 270 4855 estin
283 4794 614 4872 eoformaliteretper
627 4788 968 4871 se,qudmsecundrlm
1021 4791 1138 4852 dicitur
1159 4789 1350 4864 officiosum,
1374 4791 1550 4852 secundum
1573 4793 1733 4871 jocosum,
1747 4801 1815 4856 ter-

177 4872 208 4932 id
218 4872 303 4950 qnod
316 4878 364 4935 cst
378 4873 411 4934 in
424 4889 463 4936 eo
477 4873 684 4937 materialiter
697 4876 728 4932 et
737 4887 795 4949 per
803 4869 966 4932 accidens:
1022 4869 1101 4929 tium
1126 4869 1354 4945 perniciosum.
1368 4869 1453 4948 Ergo
1478 4871 1679 4934 mendacium
1705 4872 1738 4934 in
1753 4877 1815 4935 tria

177 4955 209 5011 et
222 4951 291 5012 ideo
305 4953 407 5033 magis
420 4954 594 5031 opponitur
602 4951 728 5014 veritati
740 4993 748 5024 ,
761 4951 794 5009 in
809 4953 968 5026 quantum
1020 4947 1171 5025 praedicta
1184 4947 1344 5010 dividitur.

176 5036 226 5090 est
239 5031 341 5092 uirtus
356 5033 499 5104 moralis,
520 5029 605 5116 qudd
619 5029 736 5107 aliquis
751 5028 835 5091 dicat
856 5045 966 5090 verum
1061 5027 1248 5102 llespondeo
1261 5025 1429 5088 dicendum
1442 5025 1528 5106 qued
1540 5028 1740 5091 mendacium
1754 5031 1815 5090 tri·

178 5107 343 5172 intendens
371 5110 477 5171 dicere
499 5110 626 5182 falsum,
656 5105 755 5187 quim
779 5107 864 5187 quod
885 5107 969 5170 dicat
1021 5104 1147 5198 pliciter
1166 5105 1262 5167 dividi
1285 5110 1390 5198 potest
1405 5125 1412 5166 ε
1429 5124 1495 5168 uuo
1517 5107 1611 5166 modo
1637 5104 1814 5170 secunddm

177 5184 294 5250 falsum
306 5189 474 5250 intendens
489 5188 594 5250 dicere
605 5205 729 5249 verum.
1020 5200 1124 5262 ipsam
1138 5184 1292 5245 mendacii
1307 5185 1476 5260 rationem,
1491 5192 1624 5262 quaeest
1638 5186 1767 5264 propria
1783 5189 1815 5250 e't

216 5265 743 5345 Adsecundumdicendumqudd,
759 5265 968 5344 sicutflugu-
1021 5281 1137 5340 perse
1164 5261 1321 5324 mendacii
1346 5263 1472 5336 divisio,
1499 5267 1531 5324 et
1550 5261 1725 5325 secundem
1753 5263 1815 5330 hoc

176 5345 280 5408 seinos
295 5346 370 5408 dicit
378 5347 412 5406 iu
424 5345 491 5407 2de
506 5345 613 5406 Doctr.
627 5343 751 5416 christ,
762 5360 821 5424 cap
835 5343 865 5414 3,
882 5346 967 5406 circa
1020 5340 1221 5404 mendacium
1233 5342 1265 5402 in
1278 5341 1342 5402 duo
1355 5342 1507 5403 diuiditur
1522 5361 1530 5401 a
1548 5341 1668 5402 scilicet
1680 5343 1815 5404 inmon-

176 5424 272 5498 med,
295 5442 388 5487 voces
412 5424 609 5504 praecipuum
631 5423 739 5484 locum
755 5426 865 5484 tenent
884 5422 968 5482 inter
1020 5419 1146 5481 dacium
1160 5421 1245 5497 quod
1259 5421 1455 5482 transcendit
1467 5418 1632 5481 veritatem
1648 5421 1680 5481 in
1696 5423 1815 5514 majus,

176 5501 241 5566 alia
264 5504 367 5584 signa.
390 5503 430 5566 Et
450 5503 520 5566 ideo
546 5499 618 5565 crim
639 5501 755 5562 dhitur
774 5499 861 5578 qudd
880 5519 968 5560 men·
1021 5498 1106 5577 quod
1120 5499 1258 5577 pertinet
1267 5499 1306 5562 ad
1314 5497 1601 5578 jactentinmretin
1612 5500 1815 5563 mendacrum

176 5579 300 5642 decium
327 5590 370 5643 cst
393 5581 474 5664 falsa
492 5581 577 5644 cocis
601 5579 810 5661 aipeificatio,
838 5579 967 5640 nomine
1021 5576 1106 5655 quod
1120 5577 1257 5642 definita
1271 5579 1445 5641 veritatein
1463 5575 1590 5652 miuus,
1606 5578 1692 5654 quod
1707 5580 1814 5658 perti-

177 5661 263 5721 vocis
280 5660 471 5741 intelligitur
482 5677 578 5724 omne
590 5661 729 5740 signum.
746 5659 833 5720 Unde
847 5657 965 5736 illequi
1021 5660 1075 5717 net
1088 5657 1127 5720 ad
1142 5655 1289 5724 ironiam,
1304 5659 1340 5718 ut
1357 5661 1442 5732 patet
1459 5674 1517 5733 per
1536 5653 1765 5736 Philosophum
1778 5659 1813 5720 in

176 5738 307 5817 aliquod
317 5739 433 5802 falsum
443 5741 574 5802 nutibus
586 5737 767 5819 significare
776 5736 965 5812 intenderet,
1020 5731 1169 5808 illihic,
1187 5753 1257 5814 cap.
1280 5734 1310 5794 7.
1332 5733 1406 5796 lluc
1418 5741 1525 5797 autem
1540 5733 1656 5797 divisio
1672 5736 1743 5798 ided
1754 5755 1814 5829 per

176 5815 368 5884 uouessetcl
382 5818 549 5884 mendacio
564 5817 726 5883 immunis.
943 5828 947 5836 ’
1022 5831 1056 5876 se
1071 5819 1119 5875 est
1141 5813 1242 5894 ipsius
1266 5812 1432 5884 mendacii,
1452 5813 1529 5888 quie
1552 5814 1813 5894 mendaciumn)
