4070 6338
156 299 224 359 ml
281 311 285 320 '
390 299 528 372 QUAEST.
547 301 695 361 CLXXXV.
717 294 761 362 DE
781 302 836 362 llis
855 301 938 373 QUAE
963 299 1142 362 seuerius
1160 299 1300 362 salluii
1318 299 1569 360 episcopalium
1730 302 1802 361 lm

163 437 180 477 s
202 417 252 480 est
278 414 424 480 criminis
449 417 581 482 habenti
608 417 732 493 tollere,
753 395 864 498 quam,
886 415 959 482 edm
1011 435 1091 481 num
1106 422 1136 480 et
1150 417 1356 482 necessitates
1372 415 1594 480 ministrorum
1612 409 1803 496 expenden-

162 517 179 557 s
202 497 305 576 possis
334 503 366 561 et
397 499 560 594 abundes,
591 501 751 578 denegare
774 499 960 594 indigenti·
1012 497 1490 594 da.lliidedicitur12,qumrt.
1509 497 1629 592 2,·cap.
1643 497 1683 558 28
1697 516 1738 590 ².‘
1756 496 1802 560 lle

159 578 962 754 {stitialatitatis,'tlttat'attitt
1014 576 1803 754 1:tlttlttsltta'attltlittassistata

161 739 488 820 personarumque
504 741 960 821 eissupersunt,pauperibus
1015 761 1030 798 a
1048 740 1118 805 due
1141 740 1365 804 ecclesiasticis
1392 739 1543 812 labriam,
1567 742 1598 802 et
1624 742 1804 819 erogationi

162 835 227 881 non
241 818 440 900 largiuntur.
569 900 575 916 ι
913 899 920 916 ·
1013 841 1030 878 s
1048 836 1228 916 pauperum
1241 821 1428 916 profuturae,
1442 836 1462 884 a
1475 818 1736 912 presbyterousub
1751 833 1805 896 pe·

199 899 230 960 2.
250 899 427 980 Praeterea,
443 917 541 980 super
567 900 646 963 illud
671 899 736 998 lau.
756 901 775 962 3
799 921 807 961 r
836 901 962 1044 bofiano
1015 901 1151 964 «riculo
1163 902 1214 966 sui
1227 901 1348 965 ordinis
1359 901 1598 979 ministrentur3
1613 900 1728 962 ultima
1741 897 1806 960 cle-

156 979 639 1141 ζὲἕξπΐτέἷίιξᾝῖἀυῗὲζιῗ
653 981 863 1125 {guarlengum
886 1068 961 1124 ruat
1013 1075 1091 1156 erqo
1106 1061 1256 1126 distincta
1271 1063 1432 1138 strabona
1446 1079 1519 1140 quaa
1536 1059 1696 1125 debentia
1710 1073 1806 1150 urum

158 1155 345 1220 pauperum.
361 1142 421 1204 Sed
439 1142 642 1224 quicumque
661 1141 692 1204 id
710 1144 796 1221 quod
815 1145 864 1206 est
882 1143 962 1208 alte·
1013 1142 1156 1223 episcopi
1172 1143 1306 1217 cedere,
1321 1143 1362 1206 ab
1381 1141 1431 1205 his
1454 1157 1527 1221 que
1548 1149 1624 1204 suat
1652 1153 1807 1219 pauperi·

159 1219 243 1298 rius,
259 1221 320 1282 sibi
334 1227 491 1300 reservat„
504 1228 560 1285 aut
577 1221 651 1285 aliis
665 1219 732 1296 dat,
747 1229 858 1302 peccat
875 1238 962 1284 mor·
1013 1222 1091 1304 bus,
1103 1229 1135 1286 et
1147 1223 1316 1296 ministris,
1334 1225 1367 1286 et
1384 1221 1486 1284 cultui
1500 1221 1653 1285 ecclesio
1665 1233 1808 1310 erugari-

161 1299 281 1394 taljter,
296 1308 332 1396 ‚⁰¹
357 1306 485 1366 tenetur
501 1302 541 1364 ad
551 1303 812 1398 restitutionem..
825 1303 911 1381 Ergo
933 1301 961 1364 sl
1014 1301 1068 1378 da,
1083 1309 1113 1365 el
1127 1303 1249 1383 aliquid
1265 1303 1326 1398 sibi
1339 1301 1509 1365 retinuerit
1522 1297 1743 1394 episeopusde
1756 1295 1807 1390 ¹².¹⁸

161 1382 763 1527 attat,ltttntttltttttdlt
781 1399 963 1526 illidii
1014 1381 1808 1526 attributati·ttttltlatitlttltl

161 1505 293 1636 amieis'·
304 1540 502 1636 largiantur,
525 1507 653 1608 v'idetur
674 1483 777 1624 quodg
789 1510 963 1608 teneantur
1015 1543 1240 1638 expendenda,
1258 1561 1329 1638 non·
1340 1507 1389 1606 es⁹t
1403 1541 1626 1636 dubiumquin
1641 1545 1754 1604 contra
1768 1534 1809 1598 fi-

160 1619 537 1776 addrelgilgtelroolaffnmulto
551 1705 653 1786 inagis
666 1705 785 1786 uliquis
803 1707 908 1786 potest
921 1705 960 1769 do
1015 1622 1677 1768 2terarumgzzqigalgeqigastiunoriaiiier
1688 1620 1809 1698 peccet,

160 1779 259 1842 rebus
284 1779 436 1846 Ecclesia
453 1801 492 1848 oa
514 1800 587 1864 quie
604 1787 664 1848 sibi
685 1791 760 1848 sunt
776 1788 961 1849 necessaria
1015 1799 1021 1822 ²
1056 1783 1101 1846 Do
1129 1783 1178 1847 bis
1207 1788 1314 1848 autem
1342 1800 1416 1864 que
1441 1788 1518 1846 sunt
1541 1783 1722 1863 specialiter
1750 1791 1811 1840 suo

159 1859 323 1940 accipere,
354 1879 452 1942 quum
478 1863 643 1942 soporum
670 1883 882 1948 congregare.
900 1863 961 1928 Sed
1015 1863 1090 1926 usui
1115 1862 1286 1943 deputata,
1318 1865 1445 1930 ridetur
1471 1881 1541 1927 esse
1570 1863 1678 1926 eadem
1703 1857 1817 1937 ratio„

158 1935 376 2022 Hieronymus
391 1942 467 2007 dicit
482 1943 516 2006 in
540 1946 635 2025 epist.
651 1947 689 2009 ad
712 1945 887 2009 Damasum
904 1961 961 2022 pa·
1017 1961 1091 2022 ques
1103 1950 1152 2006 est
1163 1943 1203 2007 da
1217 1945 1357 2024 propriis
1373 1943 1478 2021 bonis,
1494 1948 1529 2006 ut
1544 1943 1668 2006 scilicet
1680 1943 1813 2030 propter

158 2033 233 2096 pam
249 2021 337 2100 (quid
350 2023 454 2084 simile
466 2023 583 2088 bab.iu
597 2023 721 2106 Regula
734 2024 963 2088 Monacb.llie·
1017 2023 1264 2088 immoderatum
1278 2024 1428 2088 allectum
1453 2029 1484 2086 et
1504 2042 1600 2088 usum
1614 2026 1725 2104 peccet
1737 2033 1813 2098 qui-

157 2114 231 2160 roo.
246 2099 418 2182 adscripta,
433 2119 505 2183 cap.
521 2101 559 2164 de
572 2103 739 2190 Propera,
754 2105 774 2168 il
789 2105 873 2184 med.
887 2103 960 2168 vid.
1017 2103 1112 2184 dem,
1133 2105 1161 2168 sl
1185 2104 1396 2170 immoderato
1421 2103 1483 2166 sibi
1508 2106 1667 2172 retineat,
1692 2105 1724 2160 et
1740 2095 1813 2160 aliis

168 2199 239 2260 cap.
249 2181 388 2243 Clericus
398 2179 428 2250 1,
438 2173 611 2255 quaest.2):
626 2173 789 2234 «Clericus
798 2172 869 2232 illos
883 2185 964 2232 con-
1017 2185 1084 2230 non
1110 2171 1301 2247 subveniat,
1317 2179 1401 2236 sicut
1416 2178 1556 2282 requirit
1573 2178 1717 2244 debitum
1730 2187 1813 2250 cba-

169 2285 185 2321 a
202 2260 291 2324 venit
303 2256 469 2338 stipendiis
478 2252 629 2348 Ecclesiae
641 2250 832 2324 sustentari,
843 2249 962 2388 quibus
1016 2249 1122 2342 ritatis
1136 2248 1192 2394 (dg.
1459 2334 1465 2348 Ι

170 2363 186 2481 Σ
203 2337 375 2561 Εἶξηῑιὶω
389 2341 421 2398 et
428 2332 780 2414 propinquorumbona
795 2330 851 2390 nul
866 2327 964 2392 asul-
1057 2327 1090 2390 Si
1104 2347 1161 2392 rer
1195 2347 1261 2392 non
1279 2335 1356 2394 sunt
1369 2333 1520 2412 prodicta
1536 2339 1624 2404 bona
1636 2341 1808 2420 distincta,

914 983 961 1044 ie·
1015 1001 1030 1038 a
1048 980 1124 1044 ricis
1137 999 1195 1062 pro
1209 981 1411 1063 singulorum
1423 981 1546 1042 meritis
1556 979 1727 1044 dividatur.
1743 975 1806 1038 »Si

277 2423 385 2483 antur.
401 2415 464 2491 Qui
482 2417 591 2479 autem
617 2411 709 2474 bonis
735 2407 907 2489 parentitm
931 2411 964 2471 et
1019 2425 1133 2470 eorum
1154 2409 1336 2474 distributio
1350 2412 1422 2474 fidei
1438 2415 1507 2496 ejus
1533 2420 1743 2486 committitur
1758 2443 1766 2484 ε
1780 2427 1813 2488 et

171 2523 186 2560 a
205 2501 258 2580 opi
283 2516 321 2560 ns
331 2495 471 2578 propriis
482 2492 658 2555 sustentari
671 2493 819 2582 possunt,
836 2487 963 2566 siquod
1018 2489 1046 2550 si
1059 2487 1189 2567 quidem
1205 2491 1238 2551 ln
1253 2491 1377 2554 modico
1391 2493 1517 2558 deficiat
1540 2500 1590 2562 rel
1605 2505 1803 2582 superabun-

171 2569 964 2712 aatauaa
1017 2567 1812 2724 atratutaa‘ataritituta⁶⁶²⁶·

169 2655 693 2826 ἆίῐοᾚξῗιὲἑ’Τῗηιῃὲῗῖἷὶῃξὲἰῃᾳαίε
703 2728 802 2810 fidelis
877 2728 965 2790 etoi—
1018 2668 1176 2824 ctualiteg
1188 2669 1365 2810 iiciripari?0
1364 2733 1443 2798 illud
1461 2675 1649 2816 quo({l¹¹t¹ieri¹
1663 2681 1813 2822 olpsolrtlelt}

170 2820 259 2888 duas,
275 2815 490 2880 subministret
503 2811 584 2881 sitim
599 2818 627 2872 et
648 2828 714 2870 non
728 2816 878 2888 qrooetcr
893 2809 965 2868 Eo·
1018 2825 1046 2870 si
1058 2809 1136 2872 verb
1147 2815 1188 2872 sit
1198 2812 1318 2874 multus
1327 2831 1492 2892 excessus,
1502 2835 1567 2882 non
1577 2825 1683 2900 potest
1692 2822 1809 2886 latere:

1 2862 6 2974 ξ,
128 2941 132 2947 -
171 2899 285 2970 ederim·
306 2896 403 2959 utitis
417 2913 486 2976 quie
503 2887 792 2959 veracioresque,
814 2887 962 2970 sufficiat.
1017 2888 1103 2952 unde
1119 2889 1244 2954 videtur
1264 2893 1358 2957 bunio
1374 2893 1446 2958 fidei
1467 2915 1668 2994 repugnare:
1688 2909 1720 2966 et
1738 2903 1811 2968 idea

169 2980 257 3060 Ergo
265 2976 367 3040 multd
375 2974 477 3056 magis
490 2971 632 3052 episcopi
642 2969 965 3048 mortaliterpecoant
1018 2973 1146 3032 nonest
1160 2972 1217 3032 abs
1241 2989 1283 3034 ue
1292 2980 1425 3052 peccato
1433 2981 1574 3042 mortali.
1590 2981 1714 3044 Dicitur
1726 2984 1813 3046 enim
1918 3003 1922 3015 ·

170 3061 197 3123 si
213 3075 252 3122 ea
269 3075 341 3137 que
357 3057 403 3118 eis
418 3051 622 3133 superfluunt
635 3049 674 3112 de
693 3051 785 3112 bouis
810 3048 965 3112 ecclesia·
1017 3048 1131 3112 Mattb.
1146 3048 1197 3124 at,
1208 2989 1259 3125 iffi,
1274 3052 1360 3130 qudd
1374 3055 1403 3116 si
1417 3055 1536 3120 dicerit
1548 3061 1648 3124 matus
1659 3081 1765 3126 rerum
1777 3063 1814 3128 ia

171 3135 273 3212 sticls,
283 3135 480 3217 pauperibus
490 3150 556 3194 non
570 3130 763 3210 largiantur.
1020 3129 1112 3191 corde
1128 3148 1184 3191 suo
1196 3150 1207 3191 .-
1217 3131 1257 3193 M
1258 3150 1345 3194 orum
1352 3135 1430 3228 [orit
1442 3136 1586 3202 dominus
1595 3160 1680 3204 meur
1693 3143 1811 3214 uenire,
1896 3143 1900 3152 '

210 3217 270 3282 Sed
281 3224 392 3281 contra
405 3219 453 3277 est
488 3211 553 3276 ubd
562 3211 674 3292 plures
684 3208 826 3291 episcopi
841 3225 880 3272 ea
891 3225 965 3289 quie
1019 3208 1106 3286 quod
1118 3210 1258 3288 pertinet
1278 3212 1319 3274 ad
1331 3213 1430 3276 divini
1442 3215 1555 3294 judicii
1570 3226 1811 3301 contemptum,

172 3300 360 3379 supersunt,
387 3312 453 3356 non
466 3233 665 3374 <{argiuntur
679 3290 893 3368 pauperibus,
909 3287 966 3350 sed
1019 3295 1047 3380 et
1062 3289 1357 3368 ceperitpercutere
1372 3310 1537 3357 remersus
1546 3316 1635 3371 suos,
1648 3302 1734 3381 quod
1768 3319 1814 3364 er·

171 3377 353 3460 expendere
376 3374 527 3438 ridentur
547 3369 755 3436 laudabiliter
773 3368 815 3432 ad
840 3367 964 3431 reditus
1019 3369 1099 3428 tinet
1113 3367 1153 3429 ad
1170 3370 1678 3462 superbiam,monducetoutem,
1694 3380 1814 3445 etbtbat

169 3458 322 3524 Ecclesiae
331 3453 543 3536 ampliandos.
877 3529 884 3544 .
1020 3465 1089 3539 cum
1103 3445 1244 3542 ebriosas,
1261 3450 1501 3593 quudepertiuet
1512 3456 1552 3518 ad
1567 3447 1733 3523 luxuriam
1743 3481 1752 3536 3
1763 3479 1815 3524 ue-

210 3541 271 3602 lles
295 3536 399 3600 ondeo
411 3533 581 3597 dicendum
594 3530 681 3613 qubd
692 3529 840 3592 aliterest
855 3529 966 3591 dicen·
1018 3535 1086 3588 uret
1097 3526 1242 3592 domenare
1254 3532 1337 3592 serui
1350 3548 1362 3593 r
1376 3531 1437 3595 lius
1446 3533 1607 3617 indiaque
1620 3529 1687 3601 sion
1696 3550 1812 3622 sperat,

171 3619 247 3682 dum
282 3635 300 3681 e
317 3611 584 3699 propriis'bonis,
607 3609 837 3702 quoepiscopi
859 3609 966 3688 possi·
1020 3613 1049 3667 et
1063 3603 1182 3670 diuidet
1196 3627 1280 3679 eum,
1297 3610 1420 3675 scilicet
1433 3611 1453 3678 d
1465 3615 1617 3681 societate
1633 3607 1809 3699 bonorum

171 3701 247 3763 de're
264 3700 413 3779 possunt,
428 3693 510 3756 etde
524 3692 619 3755 bonis
633 3689 869 3754 ecclesiasticis.
884 3689 966 3750 Nam
1020 3692 1050 3780 et
1065 3695 1190 3780 partem
1203 3687 1269 3770 ejus
1279 3696 1380 3771 ponet
1394 3711 1464 3756 cum
1485 3693 1679 3777 hypocritis,
1690 3702 1815 3768 scilicet

172 3779 380 3862 propriorum
401 3777 563 3839 bonorum
577 3789 690 3836 rerum
706 3769 884 3830 dominium
900 3768 967 3830 ba-
1019 3783 1054 3827 in
1078 3766 1214 3830 interno.

171 3861 271 3924 beist:
298 3857 384 3920 unde
404 3874 447 3921 ex
474 3851 546 3932 ipsa
569 3867 678 3914 rerum
698 3848 879 3912 conditione
899 3865 965 3908 non
1060 3846 1108 3907 ild
1148 3847 1266 3910 rimum
1292 3868 1370 3934 ergo
1384 3852 1553 3918 dicendum
1576 3860 1757 3938 quddrerb

173 3939 358 4020 obligantur
370 3939 406 4000 ui
417 3951 455 3997 ea
470 3933 541 3996 aliis
555 3928 814 4021 ciinlerant3sed
829 3931 966 4020 possunt
1020 3924 1100 4019 illud
1114 3866 1276 4022 Apmbrosii
1291 3949 1357 3993 non
1374 3934 1480 3998 soldm
1490 3941 1539 4000 est
1552 3939 1791 4009 referenduma

175 4035 214 4081 ea
227 4019 278 4081 vel
295 4018 356 4080 sibi
370 4016 522 4088 retinere,
534 4011 588 4076 vel
603 4011 700 4072 etiam
714 4008 786 4070 aliis
824 4025 861 4068 ro
875 4007 966 4068 libito
1020 4005 1295 4085 dispensationem
1308 4030 1419 4076 rerum
1434 4017 1741 4100 ecclesiasticarum,
1756 4023 1815 4090 sed

173 4099 317 4180 elargiri.
335 4097 476 4162 Possunt
491 4097 600 4156 tamen
617 4091 651 4152 in
668 4105 780 4183 eorum
795 4027 968 4166 dispensa·-
1020 4103 1301 4182 quorumcumque
1315 4093 1494 4172 bonorum,
1513 4115 1554 4161 eir
1573 4101 1691 4180 quibus
1718 4110 1815 4168 tene-

173 4179 262 4241 tione
279 4194 413 4259 peccare
440 4177 574 4254 propter
592 4170 865 4232 inordinationem
886 4165 968 4232 affe-
1020 4170 1074 4227 tur
1090 4168 1208 4246 aliquis
1219 4170 1325 4234 debito
1340 4173 1506 4239 charitatis
1520 4181 1688 4258 providere
1702 4203 1814 4250 neces·

173 4257 262 4330 ctiis3
279 4274 336 4336 per
370 4273 447 4318 uam
462 4252 620 4332 contingit
630 4249 716 4329 quod
730 4250 781 4313 vel
796 4248 858 4312 sibi
872 4247 968 4327 plura
1021 4246 1149 4310 ritatem
1163 4249 1371 4328 patientibus.
1387 4255 1457 4316 Non
1468 4263 1576 4320 antem
1591 4267 1697 4339 potest
1710 4263 1815 4330 deter-

173 4275 400 4416 conlerant‘itl
420 4331 519 4412 quam
536 4334 702 4411 oporteat,
719 4329 772 4392 vel
785 4327 857 4422 aliis
871 4328 967 4422 etiam
1020 4325 1138 4389 minari
1164 4329 1295 4408 quando
1319 4333 1361 4394 sit
1383 4334 1446 4396 ista
1467 4341 1660 4417 necessitas,
1679 4361 1752 4422 qum
1772 4346 1813 4410 ad

174 4433 242 4478 non
252 4414 457 4486 subveniant,
469 4409 646 4474 secundum
658 4408 746 4489 quod
761 4412 899 4487 requirit
913 4408 968 4472 de·
1020 4413 1189 4484 peccatum
1202 4410 1339 4472 mortale
1354 4412 1491 4493 obliget,
1517 4417 1601 4480 sicut
1622 4438 1681 4485 nec
1697 4430 1813 4491 caetera

173 4496 277 4559 bitum
292 4491 456 4557 charitatis
470 4510 479 4565 3
494 4508 561 4551 non
572 4493 680 4552 umen
694 4491 848 4550 tenentur
861 4488 969 4551 edre-
1021 4485 1232 4564 particularia
1253 4505 1326 4566 quie
1341 4490 1375 4551 in
1392 4492 1543 4557 humanis
1559 4500 1683 4564 actibus
1703 4507 1814 4571 oonsi-

174 4571 474 4652 stitutionem,quia
489 4567 674 4650 hujusmodi
696 4584 749 4630 res
767 4571 968 4630 sunteorum
1021 4563 1196 4658 derantur:
1213 4567 1331 4629 horum
1353 4569 1440 4632 enno
1465 4573 1688 4646 determinatio
1710 4585 1814 4648 relin-

174 4655 318 4720 dominio
333 4653 502 4733 deputate.
1022 4647 1134 4722 quitur
1145 4644 1297 4712 humanis
1310 4649 1498 4728 prooemio.

215 4735 276 4800 Sed
286 4732 579 4799 ecclesiasticorum
590 4724 969 4806 bonorumsuntdispen-
1041 4723 1110 4818 ⁸dd
1125 4725 1303 4789 secundum
1315 4728 1485 4796 dicendum
1500 4737 1684 4816 quartisana
1698 4743 1814 4809 Eccle-

175 4821 300 4880 satores
311 4815 363 4877 vel
399 4813 617 4876 rocuratores.
628 4807 807 4870 Dicitenim
816 4808 969 4887 Augusti·
1023 4819 1145 4865 siarum
1165 4823 1231 4867 non
1250 4811 1327 4871 sunt
1343 4810 1448 4873 soldm
1463 4821 1672 4896 expendenda
1686 4823 1719 4884 in
1732 4841 1815 4889 usus

175 4834 966 4985 nusadBonisscium,lepist.18·5,aldit,intermed.
1022 4899 1215 4978 pauperum,
1226 4887 1282 4949 sed
1297 4891 1393 4984 etiam
1407 4891 1441 4952 in
1456 4895 1536 4960 alios
1547 4903 1683 4978 usus,ut
1695 4902 1814 4968 dictum

175 4980 208 5038 et
221 4977 277 5039 fin.
294 4997 301 5037 ι
320 4973 378 5036 «Si
393 4975 544 5055 privatim
565 4968 766 5050 possidemus
781 4985 854 5046 quse
875 4970 968 5030 nobis
1023 4966 1119 5025 estin
1131 4981 1219 5046 corp.
1236 4971 1297 5029 art.
1321 4969 1361 5030 Et
1379 4970 1450 5034 ided
1469 4976 1497 5037 si
1516 4977 1555 5039 de
1576 4997 1614 5041 eo
1633 4983 1719 5061 quod
1739 5001 1813 5048 usui

177 5055 381 5130 «sufficiant,
395 5072 462 5116 non
472 5053 528 5116 illa
541 5055 652 5113 nostra
666 5051 741 5110 sunt
782 5047 838 5109 sed
848 5065 970 5127 paupe·
1024 5043 1182 5184 episcopi,
1199 5046 1252 5140 rel
1272 5049 1408 5142 alicujus
1432 5053 1540 5119 clerici
1554 5064 1603 5119 est
1615 5061 1813 5141 deputatum,

177 5161 192 5196 a
210 5152 444 5214 rum,quorum
458 5131 720 5225 procurationem
733 5126 969 5222 quodammodo
1023 5122 1101 5216 velit
1118 5140 1235 5203 arquis
1249 5130 1317 5221 §¹¹³¹
1336 5132 1544 5211 subtrahere,
1566 5142 1598 5198 et
1617 5145 1797 5224 consangui

178 5210 971 5368 1tiltltittlitttlttlillllutilite:
1023 5204 1816 5382 littaltltltitttulutttttilutatii
1932 5299 1947 5346 .-

177 5377 300 5440 tionem
322 5378 431 5438 autem
447 5371 624 5449 requiritur
646 5371 731 5432 bona
745 5367 835 5442 tides,
850 5386 971 5430 secun·
1025 5379 1091 5423 non
1106 5367 1214 5426 autem
1230 5371 1266 5428 ut
1285 5368 1415 5431 ditiores
1431 5370 1503 5434 inde
1518 5373 1607 5437 fiant.
1631 5379 1719 5445 Unde
1735 5385 1816 5444 an-

177 5455 255 5520 dum
269 5455 348 5518 illud
365 5455 381 5516 1
397 5451 524 5518 adCor.
538 5448 607 5524 toa
623 5469 630 5508 ε
645 5449 711 5511 Hic
730 5447 799 5528 jam
819 5449 972 5526 queritur
1025 5442 1153 5534 brosius
1186 5445 1261 5508 dicit
1285 5447 1322 5516 in
1344 5449 1400 5509 lib.
1426 5450 1442 5509 1
1467 5451 1505 5514 de
1531 5453 1641 5532 Otila,
1664 5478 1700 5522 oa
1727 5507 1733 5521 .
1760 5461 1817 5536 30,

177 5537 262 5600 iuter
277 5535 504 5616 dispensatores
524 5527 679 5611 utfidels's
692 5529 761 5607 quir
776 5531 969 5590 inueniatur.
1027 5539 1112 5614 circa
1134 5523 1230 5602 nied,
1255 5531 1286 5588 et
1308 5527 1445 5590 babetur
1469 5548 1539 5614 cap.
1555 5535 1618 5599 Est
1658 5480 1816 5614 roganda,

177 5616 261 5680 Sunt
273 5619 382 5679 autem
397 5616 483 5678 bona
495 5608 712 5674 ecclesiastica
725 5624 791 5669 nou
804 5605 911 5670 soliim
935 5607 970 5670 in
1027 5601 1099 5663 dist·
1121 5602 1184 5665 86:
1208 5605 1309 5668 «Haec
1333 5611 1381 5668 est
1407 5614 1617 5690 approbanda
1633 5557 1817 5687 {thermites

177 5715 259 5763 usus
275 5705 475 5778 pauperum,
489 5689 544 5756 sed
558 5689 655 5754 etiam
675 5688 716 5754 ad
741 5687 864 5752 adium
886 5687 974 5754 diri-
1331 5764 1337 5776 Ι

514 5838 521 5852 ,
684 5833 691 5848 ‚
1061 5759 1102 5834 (l)
1115 5761 1153 5818 lia
1168 5761 1230 5817 llas.
1245 5771 1273 5818 et
1296 5763 1359 5818 edit.
1372 5769 1493 5849 ’passim
1509 5765 1637 5846 laeotoqi
1652 5773 1747 5837 deesse
1761 5797 1809 5854 pa.

216 5841 258 5918 (ἱ)
277 5841 330 5912 Νη
346 5849 490 5914 militnm,
513 5847 577 5894 item
589 5843 740 5895 conueniant.
1028 5842 1093 5901 tani,
1108 5849 1160 5890 nori
1174 5843 1256 5890 tamea
1270 5836 1304 5889 sd
1317 5843 1500 5894 restitutionem
1512 5849 1624 5900 tenetur.
1685 5887 1693 5896 .

401 5935 533 5998 Sunium·
561 5931 615 6002 ill,
1424 5933 1729 6024 (Ouerestis-deira.)
1831 6025 1837 6034 .,
