4138 6340
196 347 252 409 dil

197 457 405 538 particularis
439 471 498 536 per
528 450 802 546 comparationem
827 445 867 509 ad
891 459 991 537 unam

199 555 373 619 personam
394 541 510 614 prater
529 531 686 613 justitiam
708 528 901 610 generalem,
921 541 992 603 pars

201 620 327 681 ratione
349 615 442 678 dehet
462 631 533 676 esse
556 611 621 673 alia
638 608 763 690 justitia
782 605 990 676 oeconomica,

199 715 274 778 qua
293 695 420 758 ordinet
440 691 602 755 hominem
622 689 662 750 ad
683 690 802 751 honum
824 701 992 746 commune

200 777 299 839 unius
318 774 461 846 familiam
476 771 563 851 qnod
576 767 704 908 (puidam
714 783 779 827 non
792 764 917 826 dicitur.
935 763 993 823 Er·

200 873 242 948 go
259 873 319 918 nec
333 853 444 931 aliqua
458 851 584 930 partica
597 848 662 910 aris
675 845 801 928 justitia
815 848 864 906 est
878 849 994 922 praetor

198 934 361 1015 paetitiam
371 933 518 1012 legalem.

243 1012 304 1074 Sed
324 1017 438 1074 contra
453 1005 600 1087 estquod
619 1004 879 1086 chrysostomus,
896 1018 994 1094 super

201 1092 283 1155 illud
302 1091 416 1154 llatth.
429 1088 449 1150 il
464 1107 473 1147 ε
489 1086 580 1150 Beati
644 1085 651 1098 '
674 1083 815 1146 audant
835 1091 863 1143 et
878 1086 994 1142 satiant

196 1169 369 1312 scrin
383 1157 995 1310 ecla

203 1337 276 1395 tem,
291 1327 338 1390 eei
348 1325 583 1407 particularem,
596 1321 738 1384 avaritie
750 1319 952 1382 contrariom.

244 1405 435 1485 Respondes
455 1403 624 1466 dicendum
642 1399 747 1480 qudd,
772 1398 854 1460 sicut
875 1397 994 1459 dictum

204 1490 255 1548 est
271 1489 332 1548 art.
346 1501 454 1563 prac,
466 1481 592 1562 iustitia
603 1480 633 1542 le
655 1479 715 1542 alls
735 1493 800 1539 non
818 1481 867 1538 est
882 1492 996 1566 essen-

204 1565 325 1626 tialiter
340 1563 444 1624 omnis
461 1561 582 1628 virius:
600 1577 614 1620 s
672 1560 799 1636 oportet
813 1561 927 1634 prater
939 1572 995 1634 Ju-

204 1643 326 1706 stitiam
345 1643 492 1720 legalem,
511 1657 583 1717 quie
602 1637 729 1700 ordinat
746 1635 909 1696 hominem
928 1633 995 1694 im-

203 1719 343 1784 meana
357 1721 397 1784 ad
411 1722 530 1783 honum
544 1733 723 1787 commune,
742 1731 814 1776 esse
827 1715 908 1776 alias
923 1712 996 1775 rir-

204 1805 292 1862 tules
305 1815 377 1878 qnae
386 1795 567 1860 immediati.
577 1795 728 1858 ordinant
738 1792 900 1855 hominem
910 1791 996 1853 circa

205 1877 417 1958 particularia
430 1879 531 1950 hona3
549 1891 621 1954 qua
635 1873 764 1953 quidem
775 1875 912 1952 possunt
925 1887 995 1932 esse

205 1959 260 2020 rel
281 1957 321 2020 ad
341 1957 496 2035 seipsum,
515 1955 565 2018 vel
588 1952 628 2016 ad
650 1955 785 2015 alteram
798 1949 995 2031 singularem

230 2053 392 2100 creonam.
408 2033 496 2098 Sicut
512 2051 531 2096 e
570 2050 590 2095 o
608 2037 724 2111 preter
733 2029 890 2111 justitiam
904 2029 996 2168 lega-

205 2057 272 2178 fem
296 2117 422 2194 oportet
441 2129 512 2175 esse
530 2113 657 2190 siquas
671 2111 804 2173 virtutes
819 2109 943 2204 partica
958 2125 997 2170 a-

205 2213 278 2268 res,
296 2211 369 2274 ques
389 2192 537 2254 ordinent
558 2189 720 2250 hominem
736 2189 770 2250 in
784 2204 901 2266 serpso,
918 2183 997 2265 puta

207 2273 454 2366 temperantiam
467 2276 500 2332 et
509 2269 737 2342 tortitudinem,
752 2266 796 2330 ita
810 2267 906 2329 etiam
917 2283 997 2344 pra-

207 2357 260 2416 ter
269 2352 428 2431 justitiam
446 2349 582 2430 legalem
597 2351 723 2428 oportet
736 2363 808 2408 esse
819 2347 998 2424 particula-

206 2450 276 2494 rem
289 2429 461 2512 qnamdam
472 2427 646 2509 justitiam,
661 2443 735 2504 qua
749 2425 873 2486 ordinet
887 2424 999 2485 homi-

207 2529 284 2574 nem
294 2510 380 2574 circa
391 2525 430 2572 ea
439 2523 513 2588 qua
522 2506 646 2570 suntad
655 2505 791 2568 alteram
800 2503 996 2595 singularem

208 2605 459 2747 poflscfnssrssmum
480 2681 557 2745 ergo
577 2663 746 2726 dicendum
767 2658 852 2740 qued
872 2661 998 2741 justitia

206 2745 321 2827 legalis
337 2745 532 2809 sufficienter
546 2743 675 2822 quidem
692 2741 820 2804 ordinat
836 2741 998 2802 hominem

208 2827 242 2887 in
268 2826 317 2888 his
340 2842 413 2904 que
437 2823 575 2886 suntad
597 2823 755 2896 alterum;
781 2816 939 2897 quantiam
958 2819 998 2881 ad

208 2922 379 2967 commune
392 2903 521 2982 quidem
532 2903 663 2974 honum,
679 2895 876 2972 immediate3
895 2914 999 2977 quan-

208 2982 278 3045 tiam
297 2987 403 3046 autem
423 2983 462 3044 ad
481 2982 601 3043 honum
618 2981 715 3041 unius
733 2977 906 3058 singularis
922 2994 1000 3056 per-

207 3079 310 3134 sone,
326 3059 473 3126 mediata.
491 3061 531 3122 Et
544 3058 616 3122 ided
628 3062 753 3138 eportet
767 3075 838 3119 esse
855 3057 998 3136 aliquam

208 3141 438 3223 particularem
447 3139 615 3220 iustitiam,
630 3154 703 3216 quae
720 3133 900 3198 immediati
915 3134 999 3198 ordi-

208 3230 265 3286 net
286 3221 449 3284 hominem
469 3217 510 3280 ad
531 3219 651 3282 honum
670 3215 803 3280 alterim
825 3215 998 3296 singularis

209 3320 487 3444 pefdgeecundum
501 3375 667 3444 dicendum
683 3373 770 3459 qttdtl
781 3376 902 3466 honum
914 3391 1000 3435 com·

210 3480 309 3524 mnne
319 3460 456 3523 civitatis
472 3467 503 3522 et
516 3463 636 3523 honum
647 3458 811 3539 singulare
821 3471 1000 3594 untusper-

210 3559 301 3604 sonae
313 3557 378 3600 non
392 3538 543 3601 dillerunt
559 3536 663 3600 solirm
678 3534 852 3599 secundam
869 3556 920 3596 mo
936 3546 1000 3598 tetre

210 3627 239 3682 et
251 3637 397 3698 paucam,
416 3619 470 3681 sed
485 3613 661 3680 secundina
672 3614 838 3678 formalem
852 3614 997 3677 dilleren·

210 3700 301 3762 tiam.
322 3698 393 3760 hlia
408 3698 493 3759 enirn
511 3701 560 3758 est
580 3695 663 3758 ratio
682 3695 757 3757 honi
775 3695 953 3756 communis
969 3700 1000 3757 et

211 3777 288 3838 honi
309 3776 499 3856 singularis,
517 3775 601 3838 sicut
614 3773 678 3836 alia
691 3777 739 3835 est
753 3774 835 3834 ratio
853 3775 949 3835 totius
972 3779 1000 3837 et

210 3857 324 3935 partis.
340 3856 380 3916 Et
390 3853 461 3916 ideis
474 3853 686 3932 Philosophus
698 3853 756 3913 in1
769 3852 874 3930 Polla,
886 3869 956 3933 cap.
972 3855 998 3930 l,

212 3935 300 3998 circa
316 3935 432 4014 princ,
447 3931 620 4012 dicitquod
635 3949 701 3993 aon
722 3930 795 3994 hand
816 3931 925 3993 dicant
946 3933 1001 4013 pai

211 4014 323 4076 dicunt
333 4013 488 4076 civitatem
504 4020 531 4072 ct
546 4011 678 4080 donum.
694 4017 722 4072 et
735 4011 800 4073 aiio
811 4009 997 4089 eujusmodi,

212 4092 341 4186 diffesre
350 4089 669 4161 soldmmotrtruetne,
681 4095 710 4151 et
717 4091 889 4169 paucitate,
900 4099 1001 4152 etnon

211 4189 321 4234 recte.

222 4191 300 4312 phd
313 4251 441 4312 tertiam
455 4248 624 4311 dicendum
634 4247 719 4327 qudd
732 4247 904 4311 darnestica
918 4249 1002 4310 mul-

212 4329 315 4391 litudo
336 4323 512 4391 secundam
537 4328 666 4389 Philoso
691 4328 768 4388 hum
792 4327 826 4388 in
852 4327 869 4388 l
894 4330 999 4404 Petit,

212 4425 284 4486 cap.
298 4407 328 4482 3,
339 4408 547 4487 distinguitur
563 4345 739 4470 secusiam
752 4411 817 4468 tres
841 4408 1002 4547 conjuga-

214 4489 342 4550 tiones:
360 4486 481 4550 scilicet
496 4485 609 4548 uxoris
633 4491 665 4547 et
676 4485 750 4558 viri,
763 4486 864 4564 patris
879 4491 911 4548 el
924 4485 945 4546 li
960 4487 1000 4562 ii,

212 4567 333 4628 domini
357 4572 389 4628 et
416 4567 517 4640 scrvi;
539 4581 679 4644 quarum
702 4580 915 4641 personarum
935 4582 1002 4629 una

213 4651 264 4709 est
276 4645 371 4740 quasi
385 4644 505 4723 aliquid
523 4645 669 4707 alterins.
680 4643 720 4704 Et
734 4642 805 4705 ided
827 4642 867 4706 ad
882 4643 1003 4723 hujus-

213 4725 300 4786 modi
321 4740 475 4804 personas
501 4741 566 4785 non
589 4728 639 4784 cst
662 4721 1000 4802 simpliciterjustitia‚

214 4803 269 4866 sed
281 4803 427 4882 quedam
437 4802 568 4882 justitiae
582 4821 596 4864 s
620 4801 717 4874 ecies,
737 4799 858 4862 scilicet
870 4817 1004 4863 acono-

214 4883 310 5026 ppica,
324 4883 530 4944 uldiciturin
551 4881 571 4942 6
616 4879 705 4954 thia,
718 4896 789 4958 cap.
804 4879 866 4942 liet
878 4879 951 4956 ult,
969 4882 1001 4943 in

238 4979 270 5022 n.

215 5063 396 5126 hnrrcunus
411 5077 527 5123 vnn-
538 5060 651 5123 Utrsim
666 5057 786 5121 'aetitia
822 5057 1004 5124 articularis

254 5140 362 5203 haheat
378 5140 537 5202 nuteriam
551 5079 671 5220 specio!
715 5184 723 5199 .
740 5173 777 5183 -
794 5075 870 5278 ghi,
895 5147 1002 5220 quast.

255 5221 305 5294 60,
324 5227 393 5280 'ort
412 5219 444 5294 P,
463 5237 517 5280 cor
543 5241 566 5289 .,·
583 5227 611 5279 et
633 5218 664 5291 3,
680 5217 754 5280 dist.
775 5217 794 5278 3
817 5226 946 5358 ,686666
971 5219 1003 5294 2,

256 5307 316 5361 ort.
335 5297 366 5376 2,
383 5305 490 5380 pacet.
529 5297 747 5374 ,etauratc.‚
760 5297 828 5360 lect.
870 5296 891 5380 .)

255 5421 459 5483 Adoctarum
474 5418 520 5482 sic
529 5418 724 5498 proceditur.
739 5417 1005 5497 1.vsdeturquod

217 5500 339 5566 iustitia
361 5499 565 5578 particularis
598 5514 663 5559 non
697 5498 815 5560 haheat
838 5496 1006 5560 materiam

216 5579 400 5658 specialem,
414 5579 504 5657 qnia,
517 5593 615 5717 super
626 5577 704 5638 illud
722 5577 801 5638 Gen.
815 5575 854 5637 2:
870 5575 1006 5639 Fittaittt

258 5657 556 5738 artasipseestliap
579 5653 1004 5736 retendicitlllossalordia.

216 5677 353 5819 agust.
375 5737 456 5799 lihro
470 5735 491 5796 2
507 5736 546 5798 de
561 5736 640 5799 Gen.
665 5739 750 5797 cont.
763 5733 916 5808 hlanich,
933 5750 1005 5814 cap.

224 5817 271 5901 to)
286 5837 295 5878 ι
312 5815 508 5898 Euphrates,
525 5833 696 5892 anassem,
706 5815 1006 5893 interpretetursnec

353 5913 557 5980 mmmm.

775 329 909 402 QUAES'l'.
931 324 1021 384 nvlll.
1040 323 1086 382 DE
1104 323 1265 384 tds'tltln.

1740 297 1833 378 ‘tta

1047 439 1167 502 dicitur
1188 447 1298 500 centra
1316 457 1394 520 quor
1420 439 1528 510 cadat,
1547 439 1623 520 qnia
1638 437 1769 522 justitia
1793 441 1835 504 ad

1047 537 1150 581 omnes
1164 520 1272 581 aalma
1281 527 1388 599 partes
1396 520 1546 600 pertinet.
1565 520 1633 581 lloc
1645 526 1751 584 aulem
1767 539 1832 584 non

1046 604 1148 670 esset,
1164 599 1190 660 sl
1211 599 1345 660 haberet
1366 599 1534 661 materiam
1548 599 1737 678 specialem,
1755 602 1834 680 quia

1046 679 1197 758 qualibet
1220 678 1354 740 materia
1370 678 1518 756 specialis
1529 678 1569 740 ad
1590 680 1734 758 aliquam
1754 699 1836 760 spen

1046 759 1161 820 cialem
1177 756 1351 836 potentiam
1365 757 1513 835 pertinet.
1528 758 1612 838 Ergo
1620 758 1743 838 justitia
1760 777 1835 840 par·

1046 837 1191 899 ticularis
1209 852 1274 897 non
1291 835 1388 898 hahet
1401 837 1568 899 materiam
1579 839 1761 916 specialem.

1085 917 1116 977 2.
1141 917 1319 989 Praeterea,
1334 916 1534 996 Augustinus
1558 916 1633 978 dicit
1656 919 1690 979 in
1713 920 1770 981 lih.
1795 919 1835 982 63

1045 995 1125 1072 QQ,
1143 1013 1198 1074 qn.
1212 993 1263 1068 dl,
1279 993 1300 1056 al
1314 995 1409 1067 med,
1426 994 1512 1074 qnod
1524 1004 1746 1077 qnutnereant
1758 1001 1835 1062 ani—

1045 1094 1101 1136 me
1115 1075 1261 1143 virtutes,
1283 1071 1393 1154 quihus
1409 1074 1445 1136 ic
1467 1073 1523 1136 hdc
1541 1075 1606 1137 aitd
1624 1076 1836 1154 spiritualiter

1046 1154 1136 1222 civit,
1153 1153 1271 1215 scilicet
1292 1153 1511 1232 temperantia,
1529 1153 1720 1292 pntdentin,
1740 1158 1836 1238 sorti-

1047 1233 1122 1295 tudo
1137 1232 1315 1313 etjuetitim
1328 1237 1359 1294 et
1374 1232 1449 1294 dicit
1462 1231 1527 1309 qud
1559 1238 1675 1312 quarta
1686 1243 1729 1296 est
1737 1236 1836 1316 jasti-

1046 1313 1109 1382 tia,
1122 1331 1189 1392 qne
1199 1327 1258 1391 per
1277 1329 1380 1372 omnes
1395 1311 1599 1392 diffunditur.
1616 1313 1701 1394 Ergo
1711 1315 1837 1395 justitia

1068 1391 1252 1454 articularis
1262 1433 1270 1462 ,
1282 1396 1413 1469 quaest
1423 1407 1489 1454 una
1501 1389 1539 1452 de
1555 1398 1695 1469 quatuor
1709 1395 1837 1458 virtuti-

1046 1410 1107 1565 Kns
1122 1469 1349 1544 cardinalibus,
1365 1485 1430 1531 non
1445 1469 1542 1533 hahet
1550 1471 1722 1549 specialem
1736 1477 1837 1538 mate·

1046 1567 1139 1612 nam.

1086 1630 1116 1690 3.
1131 1632 1299 1702 Prmterea,
1310 1627 1435 1707 justitia
1445 1627 1504 1690 diri
1529 1630 1553 1690 it
1567 1629 1731 1694 hominem
1746 1633 1836 1695 sulfi-

1047 1708 1166 1770 cientcr
1180 1707 1213 1768 in
1229 1708 1278 1770 his
1293 1725 1365 1785 que
1385 1712 1461 1769 sunt
1482 1648 1528 1770 aff
1540 1711 1687 1772 alterum.
1706 1711 1765 1774 Sed
1778 1731 1837 1792 per

1047 1787 1155 1850 oninia
1167 1803 1239 1865 qum
1250 1789 1326 1848 sunt
1340 1786 1436 1849 hu'ns
1452 1787 1536 1863 vite,
1553 1788 1648 1850 homo
1662 1795 1837 1869 potestor-

1046 1865 1152 1929 dinari
1167 1866 1206 1928 ad
1221 1867 1367 1928 alterum.
1383 1807 1469 1945 firgo
1484 1867 1620 1931 materia
1639 1867 1771 1948 justitia
1788 1876 1838 1934 est

1047 1945 1224 2024 generalis,
1241 1948 1272 2006 et
1286 1961 1351 2007 non
1365 1945 1524 2024 specialis.

1088 2025 1148 2086 Sed
1178 2029 1292 2088 contra
1319 2027 1367 2086 est
1418 2025 1482 2086 udd
1513 2026 1729 2105 Philosophus
1755 2029 1789 2090 in
1817 2029 1837 2092 6

1046 2101 1245 2183 Ethic.,cap.
1263 2101 1294 2176 P,
1305 2101 1327 2166 6
1340 2043 1415 2164 meg

1048 2183 1191 2245 cularem
1209 2182 1341 2246 circaea
1354 2183 1537 2260 specialiter
1546 2189 1788 2265 quaepertinent
1797 2188 1836 2251 ad

1048 2261 1372 2324 communicationem
1388 2263 1469 2325 vite.

1088 2340 1839 2424 Respondeadicendumquddomniaquacum·

1048 2436 1113 2499 que
1135 2419 1304 2482 rectificari
1326 2423 1463 2498 possunt
1491 2439 1549 2500 per
1569 2423 1745 2498 rationem,
1762 2431 1839 2488 sunt

1048 2499 1184 2562 materia
1206 2497 1335 2560 virtutis
1351 2499 1499 2572 moralis,
1522 2517 1594 2579 qna
1614 2502 1767 2564 delinitur
1780 2523 1838 2584 per

1048 2581 1207 2638 rationem
1222 2582 1353 2652 rectam,
1370 2580 1407 2638 ut
1426 2581 1514 2656 patet
1536 2563 1594 2658 per
1607 2581 1838 2662 Philosophum

1049 2654 1118 2717 ina
1139 2656 1255 2729 Ethic,
1272 2672 1342 2734 cap.
1364 2654 1385 2716 2
1405 2664 1437 2718 et
1456 2657 1487 2718 6.
1502 2659 1644 2720 Possunt
1656 2665 1766 2724 autem
1781 2679 1839 2741 per

1049 2735 1208 2797 rationem
1242 2735 1411 2798 rectificari
1447 2742 1480 2798 et
1515 2737 1686 2801 interiores
1722 2741 1839 2806 anima

1048 2814 1229 2894 passiones,
1244 2817 1276 2876 et
1292 2814 1469 2878 exteriores
1480 2818 1673 2890 actiones,et
1683 2835 1734 2882 res
1748 2825 1839 2883 erte·

1049 2894 1174 2967 riores,
1197 2909 1270 2972 qna
1290 2894 1324 2956 in
1346 2911 1441 2956 usum
1457 2894 1597 2958 hominis
1617 2897 1762 2960 veniunt.
1778 2897 1839 2962 Sed

1050 2975 1158 3034 tamen
1175 2989 1233 3050 per
1242 2973 1419 3035 exteriores
1440 2974 1599 3050 actiones,
1617 2981 1650 3039 et
1663 2993 1722 3055 per
1743 2980 1839 3042 exie-

1051 3051 1153 3114 riores
1166 3069 1231 3124 ras,
1245 3053 1363 3129 quihus
1375 3053 1436 3118 sihi
1446 3053 1584 3116 invicem
1597 3054 1744 3119 homines
1754 3075 1841 3120 com·

1051 3131 1217 3192 manicare
1228 3137 1374 3209 possunt,
1384 3131 1559 3194 attenditur
1568 3133 1728 3198 ordinatio
1741 3136 1839 3202 unius

1051 3208 1192 3271 hominis
1208 3209 1246 3272 ad
1264 3211 1417 3284 alterum;
1433 3210 1609 3274 secundam
1628 3216 1840 3280 antem‘inte-

1051 3288 1153 3349 riores
1183 3289 1368 3366 passiones,
1400 3291 1622 3354 consideratur
1652 3295 1840 3359 rectificatio

1052 3366 1191 3428 hominis
1206 3367 1239 3426 in
1251 3368 1368 3446 seips0.

1091 3446 1131 3506 Et
1144 3444 1214 3506 ided
1228 3443 1432 3526 cdmjustitia
1449 3447 1616 3510 ordinetur
1630 3450 1670 3514 ad
1682 3452 1837 3530 alterum,

1052 3527 1181 3605 nonest
1195 3525 1279 3587 circa
1293 3529 1391 3587 lotam
1406 3527 1574 3588 materiam
1589 3529 1715 3592 virtutis
1733 3549 1841 3598 mora·

1052 3605 1111 3676 lis,
1128 3603 1184 3664 sed
1198 3600 1303 3666 soldm
1326 3605 1412 3668 circa
1434 3605 1610 3669 exteriores
1634 3610 1775 3674 actiones
1808 3615 1841 3676 et

1053 3701 1123 3755 res,
1150 3677 1325 3744 secundam
1348 3683 1521 3762 qnamdam
1546 3687 1705 3750 rationem
1726 3688 1839 3770 objecti

1052 3759 1483 3909 ἱρεοὲεἰῖῧιίιὲῆρςτὲὲιΐιαεῶιέἰῶετῑ
1495 3762 1671 3828 secundum
1684 3783 1740 3831 eas
1754 3786 1840 3834 unus

1075 3865 1139 3987 Ἥ
1163 3923 1302 4008 prisrmm
1330 3939 1406 4000 ergo
1424 3889 1593 3985 dicendum
1607 3924 1693 4004 quod
1713 3926 1840 4008 justitia

1052 4005 1192 4086 pertinet
1209 4015 1340 4084 quidem
1361 4004 1574 4072 essentialiter
1588 4007 1627 4073 ad
1645 4025 1744 4075 unam
1758 4003 1842 4096 par-

1052 4090 1115 4145 tem
1126 4084 1256 4158 anima,
1272 4085 1306 4146 in
1318 4085 1384 4166 qud
1398 4089 1538 4151 cstsicut
1552 4091 1587 4151 in
1604 4092 1763 4173 subjecto,
1779 4094 1840 4158 sci·

1052 4164 1127 4225 licet
1141 4164 1181 4225 ad
1194 4165 1408 4238 voluntatem,
1426 4185 1498 4246 quae
1512 4169 1640 4261 quidem
1655 4177 1761 4234 movet
1782 4191 1841 4252 per

1053 4259 1149 4336 suum
1173 4244 1341 4335 imperium
1365 4262 1476 4308 omnes
1488 4247 1570 4310 ahas
1584 4250 1838 4332 animoepartes3

1054 4326 1086 4384 et
1113 4339 1159 4382 src
1178 4323 1303 4402 justitia
1329 4341 1394 4384 non
1417 4325 1551 4402 directe,
1578 4327 1633 4390 sed
1661 4331 1754 4408 quasi
1781 4351 1840 4412 per

1053 4399 1226 4478 quamdam
1240 4402 1486 4466 redundantiam
1496 4404 1535 4466 ad
1549 4422 1661 4470 omnes
1675 4409 1757 4472 alias
1770 4411 1841 4476 ani-

1054 4495 1113 4541 mae
1122 4486 1234 4616 partes
1249 4481 1397 4559 pertinet.

1094 4560 1119 4617 Α
1156 4559 1331 4620 secundum
1342 4561 1510 4624 dicendum
1525 4565 1628 4642 qudd,
1645 4567 1728 4630 sicut
1741 4587 1841 4649 snpra

1054 4635 1253 4728 dictumest,
1269 4637 1337 4729 1-2,
1352 4657 1408 4718 qu.
1432 4640 1483 4716 61,
1503 4647 1565 4706 art.
1581 4643 1646 4707 3et
1659 4645 1690 4721 h,
1707 4648 1840 4713 virtutes

1056 4715 1234 4777 cardinales
1245 4716 1414 4795 dupliciter
1425 4719 1628 4800 accipiuntur
1644 4744 1733 4788 tuno
1747 4729 1842 4792 modo

1056 4792 1232 4856 secundnm
1257 4795 1342 4888 qudd
1366 4803 1440 4859 sunt
1455 4801 1609 4878 speciales
1625 4805 1759 4871 virtutes
1774 4809 1841 4873 ha·-

1056 4875 1166 4936 hentes
1181 4873 1407 4939 determinatas
1424 4881 1590 4955 materias;
1604 4883 1669 4946 alio
1684 4887 1778 4948 modo
1792 4906 1843 4951 se·

1057 4951 1196 5014 cundiam
1210 4951 1295 5046 pudd
1311 4954 1491 5035 significant
1504 4961 1661 5037 quosdam
1675 4967 1841 5044 generales

1057 5031 1167 5092 modos
1190 5032 1335 5105 virtutis3
1362 5041 1393 5096 et
1420 5035 1482 5098 hoc
1508 5039 1603 5100 modo
1627 5042 1773 5121 loquitur
1796 5046 1841 5108 ihi

1059 5109 1259 5201 Augustinus
1276 5131 1284 5169 :
1299 5111 1375 5174 dicit
1387 5115 1473 5175 enim
1500 5117 1586 5195 qudd
1608 5121 1781 5199 prudentio
1798 5131 1843 5185 est

1058 5193 1845 5356 tititttttltltielithildis-'titt

1058 5362 1125 5426 quc
1137 5344 1348 5436 temperaliter
1375 5349 1681 5437 eiectantrsortitudo
1695 5361 1846 5441 estptrmi·

1060 5431 1107 5484 tas
1128 5423 1222 5486 animi
1245 5423 1393 5488 adamatis
1411 5448 1447 5490 ea
1465 5448 1533 5510 qua
1554 5435 1765 5514 temporaliter
1778 5456 1844 5499 mo-

1060 5501 1136 5596 lesta
1150 5502 1370 5597 ranttjastt'tia
1384 5515 1567 5589 estpaeper
1581 5521 1704 5575 ceteras
1717 5517 1844 5612 diffun-

1059 5581 1159 5652 drtar,
1179 5581 1305 5645 deiectio
1326 5583 1402 5654 Dei,
1418 5595 1447 5648 et
1463 5590 1623 5667 proximi,
1638 5609 1710 5670 que
1724 5597 1845 5662 scilicet

1059 5665 1108 5723 est
1122 5663 1301 5746 communis
1327 5663 1423 5726 radix
1449 5667 1547 5730 totius
1574 5671 1695 5736 ordinis
1709 5675 1748 5738 ad
1763 5677 1843 5740 alle-

1058 5757 1143 5803 rum.

1100 5821 1147 5882 sd
1161 5821 1290 5885 tertium
1300 5823 1470 5924 dicendum
1482 5826 1568 5907 qudd
1582 5833 1748 5910 passiones
1763 5837 1844 5900 inte·

1509 5927 1673 6010 (Quian.)

1416 2148 1436 2176 .,
1461 2105 1554 2182 ponit
1562 2105 1721 2185 justitiam
1734 2111 1838 2188 parti·
1947 2151 1949 2158 .
