4110 6346
214 327 264 384 ott
783 325 918 400 QUAEST.
939 321 1105 390 txtx'nn.
1126 333 1170 390 ol:
1190 324 1290 392 VOTO.

214 443 339 506 luntnte
354 441 492 524 alicujus
513 459 671 524 persone.
696 443 754 508 Sed
777 445 810 506 in
834 447 916 528 lege,
936 465 1009 527 que
1062 449 1093 512 id
1107 451 1194 531 quod
1206 452 1247 515 ad
1260 453 1442 519 vovendum
1458 453 1502 536 (1)
1517 457 1716 538 estmalum,
1733 462 1784 528 vel
1798 463 1858 526 jn..

216 521 313 584 habet
333 523 434 585 robur
453 541 496 586 en
519 525 679 586 communi
705 524 881 598 voluntate,
903 531 1008 606 potest
1062 531 1153 602 utile,
1166 533 1216 596 vel
1229 533 1361 597 ma’oris
1376 534 1453 596 boni
1468 533 1750 615 impeditirum,ad
1767 545 1856 622 qnod

215 619 273 695 per
287 601 451 696 hominem
463 603 654 700 dispensari.
677 605 763 698 Ergq
780 605 907 702 videtur
922 607 1008 687 qudd
1063 611 1163 674 tendit
1182 614 1249 676 uoti
1273 553 1489 694 dispensatim
1513 621 1545 678 ct
1558 616 1630 680 idcd
1657 619 1856 700 dispensatio

216 685 314 822 ettam
337 700 370 743 ιιι
384 687 460 745 uoto
474 701 533 764 per
546 683 709 748 hominem
726 685 907 764 dispensare
922 702 1007 784 pos·
1063 692 1129 753 voti
1144 708 1210 754 non
1225 697 1274 756 est
1287 697 1401 757 contra
1414 693 1598 760 fidelitatem
1612 699 1679 761 Deo
1690 700 1841 767 debitam.

216 778 242 822 Μ
255 806 445 920 ltespondco
454 843 622 907 dicendum
634 844 719 923 quod
734 843 931 924 dispensatio
941 847 1008 909 voti
1063 815 1243 910 mmmm
1255 833 1302 878 ¹¹·
1319 851 1357 912 ““.“
1371 813 1484 912 ‘'⁰¹²3''
1495 819 1531 912 Ψ
1545 827 1618 884 ”m
1631 821 1761 916 idm
1776 844 1857 890 Μ·

217 919 317 984 intelli
340 923 423 986 enda
453 924 567 986 estad
597 925 727 988 modum
757 925 1007 1004 dispensationis
1104 903 1243 958 ”mm
1285 903 1362 960 Μ’
1383 899 1454 1037 ἔθ’*
1474 897 1507 960 d'
1547 908 1680 964 mam·
1698 937 1737 950 “
1761 903 1854 990 (We

217 1017 289 1080 qus
309 941 345 1062 dt
366 1003 398 1065 nn
418 1003 624 1068 observantia
640 1004 776 1085 ancujus
798 1005 898 1086 tegre
917 1006 1007 1084 quta,
1101 975 1240 1056 lm*
1285 985 1370 1052 ἀν’·
1407 977 1513 1093 30‘13·
1849 1035 1854 1054 ι

218 1085 254 1144 ut
268 1082 499 1162 supradictum
513 1088 577 1158 est,
594 1083 676 1156 1-2,
692 1101 747 1165 qu.
764 1083 814 1159 90,
830 1089 892 1146 art.
908 1083 939 1158 2,
955 1086 1008 1147 lex
1103 1075 1150 1138 Ad
1168 1076 1374 1140 undecimum
1393 1097 1440 1140 ste
1456 1082 1650 1160 proceditur.
1670 1086 1699 1146 1.
1723 1087 1857 1153 Videtur

217 1161 349 1240 ponitur
361 1163 561 1242 respiciendo
576 1163 616 1226 ad
632 1162 663 1224 id
675 1163 762 1244 quod
777 1167 826 1226 est
839 1170 875 1225 ut
888 1163 923 1226 in
938 1165 1009 1245 plu.
1062 1155 1148 1295 quod
1163 1157 1196 1218 in
1212 1162 1287 1220 voto
1301 1158 1438 1252 solemni
1452 1163 1657 1226 continentie
1670 1167 1773 1243 possit
1786 1165 1856 1232 fleri

217 1241 306 1302 ribus
329 1243 461 1304 nonum,
484 1243 544 1304 Sed
558 1244 636 1322 quia
655 1243 811 1323 contingit
824 1243 1009 1324 hujusmodi
1085 1237 1272 1315 rspensatio.
1292 1237 1362 1302 Una
1385 1255 1472 1300 cmm
1493 1242 1577 1303 ratio
1598 1241 1805 1322 dispensandi
1821 1249 1855 1310 in

217 1319 251 1380 in
276 1321 387 1400 aliquo
408 1338 487 1384 casu
511 1339 577 1384 non
597 1341 668 1386 esse
693 1325 832 1398 bonnm,
867 1324 1011 1401 oportuit
1064 1316 1523 1396 votoest,sisitimpeditirum
1537 1321 1856 1400 meliorisboni,sic-

217 1418 275 1479 per
289 1400 430 1480 aliquem
447 1401 672 1478 determinari,
688 1403 721 1464 in
743 1403 799 1464 illo
821 1403 1009 1480 particulari
1061 1399 1099 1456 tlt
1117 1394 1236 1458 dictum
1259 1403 1308 1458 est
1335 1402 1397 1462 art.
1422 1415 1517 1477 proc·
1539 1399 1599 1462 Sed
1618 1407 1729 1466 votum
1750 1407 1857 1468 couti-

218 1497 297 1542 οδω
309 1481 414 1561 legem
429 1499 494 1542 non
509 1500 579 1544 esse
595 1481 797 1544 servandam,
814 1482 854 1543 Et
864 1483 925 1544 hoc
935 1499 1009 1561 pro.
1063 1476 1197 1551 ibellum,
1219 1477 1344 1539 etiamsi
1360 1476 1401 1539 Sit
1414 1477 1577 1554 solemne,
1594 1485 1701 1560 Ρθῑθῦί
1713 1501 1784 1548 0880
1798 1485 1857 1548 im·

217 1559 287 1638 prid
299 1565 348 1622 est
361 1559 547 1640 dispensare
563 1563 595 1623 in
616 1563 686 1643 lege
702 1581 709 1621 ε
727 1579 802 1628 nam
812 1561 1009 1641 dispensatio
1063 1554 1238 1632 peditivum
1254 1556 1395 1619 melioris
1414 1557 1490 1622 boni
1514 1578 1521 1618 τ
1546 1576 1621 1622 nam
1635 1561 1756 1625 bonum
1770 1581 1857 1627 com-

218 1638 345 1702 videtur
365 1638 539 1719 importare
562 1641 736 1721 quamdam
764 1658 1010 1706 commensura·
1063 1652 1161 1697 multe
1174 1639 1223 1698 est
1236 1635 1375 1698 divinius
1389 1633 1487 1716 qlldm
1498 1639 1619 1701 bollum
1628 1642 1736 1704 ullius.
1750 1645 1858 1708 Poiett

1805 345 1856 404 ont
1957 367 1958 372 ¹

219 1721 284 1780 tam
297 1719 574 1794 distributionem,
590 1720 641 1784 vel
655 1721 904 1800 applicationem
916 1739 1011 1784 cem-

219 1799 324 1860 munis
340 1799 476 1880 alicujus
492 1800 532 1862 ad
546 1818 585 1862 ca
600 1803 741 1878 quesub
756 1801 827 1880 ipso
842 1802 1011 1864 continen-

219 1881 287 1951 tur;
303 1896 471 1958 perquem
482 1879 612 1941 modum
627 1879 744 1942 dicitnr
753 1881 871 1960 aliquis
882 1879 1011 1961 dispen-

219 1973 292 2020 sare
307 1959 415 2020 cibum
431 1959 569 2022 tantille.

248 2035 409 2100 =siminter
432 2042 540 2100 autem
561 2038 615 2100 ille
637 2039 692 2117 qui
715 2042 821 2112 vovet,
846 2039 1012 2120 quodam-

217 2116 624 2197 moddsibistatnitlegem,
636 2118 782 2199 obligans
792 2137 825 2180 se
835 2119 874 2181 ad
889 2119 1011 2198 aliquid

219 2195 304 2274 quod
319 2195 557 2264 estsecuuddm
580 2215 614 2260 se
635 2202 666 2258 ct
686 2199 768 2260 utin
784 2199 931 2277 pluribus
947 2201 1013 2260 bo-

219 2293 308 2336 num.
322 2278 428 2339 Potest
438 2281 545 2338 tamen
555 2277 741 2358 contingere
755 2278 840 2358 qudd
856 2279 888 2339 in
900 2278 1011 2372 alique

219 2371 297 2418 casu
319 2357 360 2420 sit
381 2357 434 2420 vel
455 2356 642 2450 simpliciter
660 2358 800 2430 malurn,
822 2358 870 2420 vel
885 2358 1011 2432 inutile,

219 2436 269 2497 vel
283 2436 414 2530 majoris
430 2436 506 2499 beni
520 2437 756 2514 impeditivum3
773 2437 857 2514 quod
874 2439 923 2498 est
936 2455 1012 2499 eon-

219 2518 268 2577 tra
281 2523 440 2578 ratconenr
454 2515 522 2595 ejus
538 2515 624 2593 quod
639 2516 723 2578 eadit
736 2518 797 2578 sub
813 2519 904 2588 voto,
920 2521 957 2577 ut
970 2535 1013 2578 ex

219 2595 377 2676 predictis
393 2600 491 2675 patet,
507 2599 568 2657 art.
586 2593 606 2652 2
626 2593 722 2674 hujus
738 2613 794 2674 qu.
809 2595 848 2655 Et
863 2594 934 2656 ideb
952 2613 1014 2658 ne-

219 2691 307 2736 cesse
323 2679 371 2738 est
390 2673 476 2753 quod
491 2673 722 2737 determinetur
736 2675 769 2734 in
783 2674 840 2736 tali
855 2689 934 2736 casu
950 2692 1013 2737 ro—

220 2757 288 2816 tum
301 2772 365 2815 non
382 2771 452 2816 esse
467 2752 675 2816 servandum.

257 2834 296 2894 Et
306 2834 333 2896 si
344 2834 474 2914 quidem
485 2832 631 2894 absolute
641 2833 869 2896 determinetur
881 2831 1013 2912 aliquod

218 2918 329 2977 votum
343 2932 409 2976 non
424 2931 494 2975 esse
508 2911 715 2985 servandum,
731 2913 847 2976 dicitur
861 2931 932 2975 esse
945 2912 1014 2974 dis-

219 2994 366 3073 pensatio
390 2993 473 3068 noti3
499 2995 526 3054 si
548 2997 655 3054 autern
680 3009 739 3072 pro
754 2993 814 3053 hec
828 2993 916 3071 quud
938 3011 1014 3053 ser-

219 3074 359 3136 vandum
374 3077 460 3146 erat,
476 3072 597 3150 aliquid
612 3071 699 3134 aliud
714 3073 910 3150 imponatur,
928 3071 1014 3133 diei-

192 3159 194 3164 '
219 3156 273 3215 tur
286 3154 496 3216 commutatio
513 3151 589 3214 voti.
611 3150 699 3214 Unde
714 3148 821 3213 minus
837 3156 886 3214 est
903 3154 1013 3214 votum

219 3237 418 3297 commutare
428 3229 528 3311 quam
538 3230 656 3294 involo
667 3231 873 3310 dispensare3
889 3235 1013 3293 utrum-

219 3330 283 3391 que
298 3318 406 3375 tamen
421 3312 454 3372 in
469 3314 626 3391 potestate
638 3311 788 3372 Ecclesia
802 3310 958 3371 consistit.

261 3392 308 3454 Ad
331 3393 471 3474 primum
492 3407 569 3471 ergo
592 3390 761 3451 dicendum
784 3389 870 3467 qudd
892 3389 1014 3450 animal

221 3473 306 3550 quod
320 3471 479 3534 immolari
494 3473 630 3549 poterat,
647 3487 686 3530 ex
702 3470 763 3530 hoc
776 3469 847 3546 ipso
857 3467 943 3547 qudd
958 3484 1014 3530 ιο-

188 3625 191 3632 ⁴
221 3553 372 3626 vehatur,
389 3553 535 3613 sanctum
549 3549 777 3627 reputabatur,
793 3549 889 3625 quasi
903 3547 1013 3608 divino

222 3633 321 3693 cultui
335 3631 570 3710 mancipatum3
587 3633 618 3688 et
630 3627 698 3689 hee
710 3632 779 3689 erat
806 3627 889 3688 ratio
910 3643 1013 3704 quare

222 3729 287 3773 non
301 3714 427 3792 poterat
438 3707 628 3772 commutari
641 3727 648 3781 ;
665 3708 748 3768 sicut
759 3724 819 3768 nec
832 3705 926 3766 modo
939 3723 1013 3784 pos-

222 3796 270 3853 set
283 3791 400 3870 aliquis
416 3807 484 3851 rem
497 3804 595 3866 quam
607 3787 705 3860 vovit,
714 3786 781 3866 jam
793 3790 1013 3848 consecratam

236 3869 312 3949 puta
328 3871 459 3934 calicem
474 3869 523 3930 rel
537 3867 678 3946 domum)
690 3869 888 3928 commutare
901 3864 935 3924 in
948 3882 1015 3926 me·

234 3949 297 4024 ius,
312 3950 364 4013 vel
387 3950 421 4009 in
445 3948 551 4029 pejus.
569 3945 697 4008 Animal
717 3951 825 4008 autem
848 3943 933 4023 quod
949 3961 1013 4006 non

222 4034 348 4111 poterat
362 4026 566 4102 sanctificari,
581 4025 658 4105 quia
674 4042 738 4086 non
753 4028 822 4086 crat
836 4023 1014 4084 immolati-

222 4110 313 4186 tium,
328 4109 441 4172 redimi
457 4111 582 4188 poterat
595 4111 626 4168 et
639 4105 785 4174 debebat,
800 4102 883 4166 sicut
896 4101 1014 4163 ibidem

222 4189 275 4252 lex
289 4189 375 4251 dicit.
395 4188 436 4248 Et
458 4189 499 4250 ita
516 4187 613 4248 etiam
628 4201 714 4246 nunc
728 4181 917 4244 commutari
933 4199 1015 4260 pos-

223 4274 298 4334 sunt
311 4274 398 4341 vota‚
414 4267 441 4329 si
456 4265 657 4328 consecratio
669 4280 734 4324 non
747 4261 950 4323 interveniat.

1063 1717 1172 1776 autem
1199 1733 1257 1794 per
1285 1717 1516 1779 continentiam
1543 1719 1681 1800 alicujus
1708 1723 1856 1803 impediri

1063 1793 1184 1856 bonum
1206 1795 1304 1858 totius
1327 1796 1564 1859 multitudinis:
1591 1798 1669 1878 putd
1684 1802 1858 1881 siquando

1062 1890 1122 1951 per
1136 1880 1335 1938 contractum
1359 1876 1554 1940 matrimonii
1576 1879 1760 1958 aliquarum
1777 1899 1858 1962 per-

1063 1969 1220 2017 sonarum
1233 1971 1306 2033 que
1320 1956 1551 2020 continentiam
1561 1965 1733 2034 voverunt,
1749 1968 1858 2040 posset

1063 2049 1130 2110 pan
1157 2035 1271 2111 patrie
1298 2037 1479 2114 procurari.
1503 2037 1588 2117 Ergo
1618 2039 1744 2102 videtur
1770 2040 1858 2120 qubd

1064 2113 1161 2174 etiam
1171 2113 1204 2208 iq
1214 2115 1350 2176 solemni
1360 2120 1436 2178 voto
1452 2117 1659 2190 continentie
1672 2120 1776 2199 possit
1788 2121 1859 2184 dis-

1064 2208 1207 2271 pensan.

1103 2271 1134 2331 2.
1149 2273 1317 2348 Praeterea,
1328 2273 1424 2337 latria
1434 2278 1483 2336 est
1492 2276 1632 2338 nobilior
1646 2279 1748 2342 virtus
1758 2277 1859 2359 quam

1065 2352 1206 2416 castitas.
1231 2353 1291 2415 Sed
1313 2354 1340 2416 si
1364 2353 1437 2433 quis
1452 2355 1577 2418 voverit
1593 2357 1735 2434 aliquem
1749 2363 1859 2422 actum

1064 2427 1189 2507 latrie,
1211 2431 1290 2512 putei
1303 2431 1419 2494 offerre
1438 2435 1505 2496 Deo
1523 2435 1736 2512 sacrificium,
1754 2444 1860 2519 potest

1064 2509 1098 2570 in
1113 2510 1168 2573 illo
1182 2516 1258 2574 voto
1268 2512 1460 2593 dispensari.
1474 2513 1559 2593 Ergo
1574 2515 1788 2597 multomagis
1801 2537 1859 2598 po-

1064 2592 1126 2652 test
1140 2591 1318 2671 dispensari
1337 2592 1371 2652 in
1385 2597 1461 2654 voto
1475 2593 1692 2670 continentie,
1706 2596 1794 2674 quod
1810 2603 1860 2661 cst

1065 2668 1103 2731 de
1120 2677 1194 2732 actu
1210 2672 1377 2735 castitatis.

1104 2747 1134 2810 3.
1157 2753 1333 2826 Preterea,
1357 2751 1440 2813 sicut
1458 2756 1569 2816 uotum
1584 2753 1788 2818 abstinentie
1801 2757 1860 2820 ob-
1970 2799 1977 2812 ·

1065 2835 1229 2892 servatum
1253 2835 1358 2909 potest
1371 2847 1504 2910 vergere
1529 2831 1563 2912 iq
1587 2833 1766 2910 periculum
1786 2853 1859 2912 per-

1066 2925 1172 2984 sone,
1188 2910 1234 2972 ita
1249 2911 1345 2972 etiam
1360 2911 1544 2973 observatio
1560 2911 1623 2972 voti
1640 2913 1856 2978 continentie.

1065 2987 1124 3048 Sed
1144 2989 1177 3050 in
1196 2995 1271 3052 voto
1286 2991 1506 3064 abstinentie,
1529 2991 1555 3051 si
1574 2997 1685 3072 vergat
1699 2993 1731 3052 in
1746 3010 1859 3074 corpo·

1065 3068 1133 3130 rale
1147 3069 1327 3148 periculum
1344 3070 1506 3142 voventis,
1522 3074 1627 3149 potest
1642 3071 1710 3132 fieri
1730 3073 1859 3152 dispen-

1065 3147 1159 3208 satio.
1197 3148 1283 3228 Ergo
1319 3150 1415 3212 etiam
1447 3149 1518 3227 pari
1553 3150 1678 3212 ratione
1712 3153 1746 3214 in
1785 3157 1859 3216 roto

1065 3227 1270 3290 continentie
1292 3232 1396 3306 potest
1414 3227 1605 3307 dispensari.

1105 3305 1135 3366 t.
1165 3307 1343 3381 Pretcrea,
1371 3307 1454 3368 sicut
1475 3309 1536 3368 sub
1563 3309 1762 3386 professione
1784 3313 1859 3374 reli-

1065 3384 1182 3466 gionis,
1199 3405 1240 3448 ex
1254 3386 1320 3464 qud
1332 3389 1443 3447 votum
1458 3386 1698 3461 solemnizatur,
1716 3391 1859 3453 contine-

1065 3471 1119 3526 tur
1145 3469 1254 3526 votum
1285 3465 1508 3536 continentie,
1544 3465 1588 3527 ita
1623 3471 1719 3528 etiam
1748 3473 1859 3531 votnm

1065 3545 1264 3624 paupertatis
1284 3547 1316 3607 et
1335 3544 1533 3606 obedientie.
1556 3543 1616 3604 Sed
1636 3546 1668 3605 in
1686 3551 1761 3608 voto
1777 3566 1859 3626 pau·

1065 3623 1197 3701 pertatis
1210 3627 1242 3685 et
1255 3623 1444 3686 obedientie
1457 3627 1562 3702 potest
1573 3624 1764 3704 dispensari,
1776 3628 1859 3690 sient

1066 3705 1155 3781 patet
1174 3703 1208 3764 in
1229 3703 1364 3782 illisqui
1385 3706 1459 3781 post
1479 3703 1712 3781 professionem
1727 3707 1768 3767 ad
1782 3707 1859 3786 epi·-

1066 3787 1233 3863 scopatum
1260 3789 1483 3845 assumuntur.
1514 3783 1599 3864 Ergo
1626 3785 1751 3848 videtur
1771 3785 1858 3866 qudd

1066 3863 1099 3922 in
1137 3862 1272 3956 solemni
1310 3866 1384 3926 voto
1420 3861 1625 3926 continentie
1658 3866 1759 3943 possit
1790 3865 1859 3928 dis-

1088 3959 1205 4004 ensan.

1065 3961 1085 4020 p
1105 4020 1165 4083 Sed
1180 4025 1291 4084 contra
1312 4026 1359 4084 est
1376 4021 1464 4100 quod
1475 4021 1592 4084 dicitur
1611 4023 1709 4086 Eccli.
1723 4023 1773 4098 aa,
1791 4023 1855 4086 20:

1067 4101 1174 4162 Omnis
1182 4101 1370 4181 ponderatio
1385 4119 1450 4164 non
1462 4110 1505 4162 cst
1522 4102 1619 4183 digne
1633 4105 1742 4166 anime
1756 4105 1858 4167 eonti-

1065 4182 1179 4243 nentis.

1105 4261 1278 4335 Preterca‚
1295 4264 1388 4325 extra
1402 4261 1440 4323 de
1453 4261 1544 4324 Statu
1559 4263 1707 4324 monach.
1720 4308 1728 4337 ‚
1743 4263 1778 4323 in
1792 4261 1857 4326 tine

263 4349 309 4410 Ad
320 4347 497 4411 secundum
505 4344 674 4406 dicendum
692 4341 777 4422 qudd
790 4340 872 4402 sicut
886 4359 927 4401 ex
939 4339 1013 4420 jure
1065 4341 1152 4402 illins
1166 4341 1340 4402 Decretalis
1356 4361 1363 4400 ι
1379 4338 1458 4402 Cdm
1471 4340 1512 4402 ad
1524 4341 1755 4412 monasterium,
1773 4341 1859 4404 ‹liei-

224 4429 363 4493 natnrali
391 4431 423 4488 et
449 4429 608 4505 precepto
635 4422 743 4484 divino
769 4424 896 4482 tenetur
917 4420 1014 4481 homo

224 4510 355 4589 implere
369 4509 500 4580 votum,
516 4505 561 4566 ita
576 4503 673 4566 etiam
692 4505 820 4564 tenetur
834 4517 873 4560 ex
894 4498 1014 4560 eisdem

224 4590 351 4652 obedire
379 4585 584 4665 superiorum
608 4581 683 4662 legi,
712 4580 765 4641 vel
791 4579 952 4642 mandato.
975 4577 1015 4638 Et

1066 4423 1138 4512 tur:
1151 4418 1313 4512 Abdicatio
1322 4419 1540 4559 progrictutis,
1554 4421 1637 4482 sient
1651 4421 1742 4482 etiem
1755 4432 1859 4484 cesto·

1066 4499 1119 4561 deo
1136 4507 1309 4567 castetcns,
1326 4499 1382 4560 ode
1415 4516 1541 4560 annexu
1554 4507 1599 4560 est
1617 4501 1730 4579 regule
1742 4519 1859 4563 monc-

1068 4576 1167 4646 cttnli,
1192 4587 1229 4638 nt
1252 4585 1363 4638 contre
1388 4596 1452 4636 eum
1474 4596 1529 4638 nec
1554 4597 1690 4641 summus
1707 4581 1858 4662 pontifex

223 4674 330 4733 tamen
355 4663 428 4728 cnm
450 4665 656 4742 dispensatur
673 4661 706 4720 in
735 4656 845 4736 aliqud
867 4659 936 4798 Ιεξο,
950 4657 1015 4717 hu·
1062 4655 1167 4737 possit
1178 4656 1335 4718 licentiam
1345 4655 1517 4734 indulgere.

223 4746 339 4820 mand,
360 4762 426 4806 non
447 4744 483 4805 fit
495 4747 532 4804 ut
548 4741 611 4822 legi
635 4741 784 4802 humane
798 4753 897 4798 nono

225 4831 293 4902 tur,
316 4825 403 4906 quod
425 4828 475 4886 est
488 4825 601 4886 contra
614 4820 718 4900 legem
732 4821 856 4880 nature
874 4818 906 4878 et
919 4832 1016 4876 man-

224 4909 332 4972 datum
347 4905 511 4969 divinum:
527 4900 582 4964 sed
595 4898 631 4962 nt
643 4903 680 4960 ut
693 4897 754 4960 hoc
765 4895 851 4975 quod
865 4895 1013 4987 eratlex,

225 5007 289 5049 non
305 4987 346 5048 sit
360 4987 413 5046 lex
427 4983 460 5043 in
476 4982 537 5045 hoc
551 4997 640 5044 casu
651 4980 700 5041 lta
714 4975 810 5039 etiam
824 4976 1015 5037 auctoritate

225 5065 401 5148 superioris
424 5059 640 5141 dispensantis
655 5059 690 5121 lit
709 5060 746 5119 ut
759 5057 821 5148 hoc
834 5053 922 5135 quod
935 5071 1016 5148 con-

225 5148 388 5210 tinebatur
413 5143 474 5206 sub
503 5145 601 5214 voto,
630 5155 696 5203 uon
726 5138 948 5208 contineatur,
981 5151 1016 5194 ιιι

225 5228 382 5305 quantum
406 5221 637 5285 determinatur
656 5221 691 5280 in
705 5219 766 5279 hoc
780 5231 858 5278 casu
874 5214 935 5276 hoc
949 5230 1015 5274 non

225 5325 296 5370 esse
315 5319 494 5385 congruam
514 5300 682 5363 materiam
703 5298 780 5360 uoti.
804 5295 844 5356 Et
857 5293 928 5357 ided
942 5289 1016 5354 cunr

224 5387 375 5466 prelatus
390 5381 540 5446 Ecclesie
549 5379 713 5474 dispensat
726 5378 759 5438 in
775 5382 861 5449 voto,
877 5391 942 5435 non
952 5371 1017 5466 dis·

225 5471 340 5548 pensat
360 5465 393 5526 in
413 5465 571 5544 precepto
591 5459 674 5540 puris
698 5455 878 5525 naturalis,
900 5453 950 5514 vel
966 5450 1017 5510 dr-

226 5548 311 5621 rini3
334 5545 390 5608 sed
412 5540 604 5606 determinat
628 5537 659 5600 id
687 5535 771 5614 quod
796 5532 930 5595 cadebat
956 5532 1016 5592 sub

225 5627 421 5709 obligatione
431 5617 671 5684 deliberationis
685 5616 847 5688 humane,
863 5627 936 5689 que
950 5627 1016 5671 non

224 5698 719 5788 pctuitomniacircumspicerc.
909 5771 915 5784 ι

265 5787 312 5849 nd
332 5785 464 5849 tertium
485 5781 654 5844 dicendum
668 5773 754 5857 quod
774 5773 813 5835 ad
828 5770 1017 5864 fidelitatem

224 5865 292 5930 neo
305 5865 444 5929 debitam
464 5879 528 5923 non
550 5862 689 5941 pertinet
706 5853 791 5936 qudd
807 5853 902 5916 tremo
918 5851 1013 5915 iaciat

365 5965 499 6027 Serene.
518 5961 572 6023 lll.

921 4735 1016 4798 edia-
1105 4736 1295 4814 Respondee
1309 4733 1477 4798 dicendum
1490 4734 1576 4813 qndd
1587 4735 1622 4796 in
1637 4737 1772 4800 solemni
1784 4741 1858 4802 voto
1884 4769 1888 4778 ·

1067 4816 1273 4880 continentie
1284 4814 1347 4876 tria
1362 4819 1497 4893 possunt
1511 4815 1707 4876 considerari
1728 4837 1736 4874 :
1753 4819 1858 4896 primo

1067 4895 1195 4976 quidem
1211 4893 1346 4956 materia
1361 4893 1446 4965 voti,
1462 4892 1583 4954 scilicet
1600 4893 1672 4972 ipsa
1691 4897 1858 4958 continen-

1068 4977 1129 5051 tia3
1155 4975 1296 5036 secundo
1317 4973 1513 5052 perpetuitas
1536 4973 1615 5048 voti,
1639 4973 1759 5036 seilicet
1783 4973 1856 5038 culm

1068 5055 1185 5135 aliquis
1207 5059 1281 5117 voto
1302 5071 1336 5116 sc
1353 5053 1522 5131 adstringit
1536 5053 1575 5116 ad
1589 5057 1777 5148 perpetuam
1793 5056 1858 5116 ob-

1068 5137 1240 5199 servatiam
1251 5132 1470 5204 contineutie3
1484 5133 1577 5195 tertio
1587 5152 1658 5212 ipsa
1670 5133 1858 5196 solemnitas

1068 5216 1144 5278 veti.
1168 5215 1284 5276 Dicunt
1311 5230 1387 5294 ergo
1412 5211 1543 5291 quidam
1565 5212 1651 5293 quod
1675 5219 1785 5274 votum
1806 5231 1859 5274 so·

1069 5297 1174 5358 temne
1189 5299 1238 5358 est
1251 5292 1503 5371 indispensabile
1519 5293 1645 5355 ratione
1659 5292 1760 5371 ipsius
1777 5309 1859 5353 con-

1068 5375 1222 5448 tinentie,
1238 5391 1311 5453 que
1326 5389 1390 5433 non
1406 5371 1520 5450 recipit
1531 5371 1723 5464 condignam
1741 5389 1859 5432 recom-

1068 5455 1302 5534 pensationem,
1315 5456 1350 5513 ut
1362 5454 1449 5531 patet
1458 5468 1499 5510 ex
1514 5454 1703 5512 auctoritate
1717 5449 1857 5512 inducta.

1070 5535 1167 5616 Cujus
1185 5533 1344 5596 rationem
1362 5529 1492 5610 qnidam
1517 5531 1695 5609 assignant,
1710 5529 1788 5608 quia
1803 5547 1861 5605 per

1070 5614 1298 5677 continentiam
1321 5611 1415 5672 bomo
1437 5608 1613 5688 triumphat
1626 5609 1664 5670 de
1685 5609 1859 5671 domestico

1107 5781 1145 5856 (l)
1166 5783 1203 5836 lta
1216 5778 1401 5836 communiter.
1416 5774 1505 5830 Codex
1522 5775 1614 5833 Alcen.
1632 5777 1711 5834 babet
1725 5777 1752 5832 in
1767 5784 1858 5846 textu,
1950 5777 1957 5786 '

1071 5853 1104 5909 ud
1118 5853 1255 5917 nitendum,
1271 5849 1318 5905 sed
1333 5848 1361 5903 in
1373 5847 1500 5918 nergine,
1515 5847 1548 5902 ed
1560 5850 1707 5904 nocendum.

1546 5940 1798 6020 (Vincet-desc.)
