4056 6340
135 361 140 372 ⁸
247 377 319 444 lltb
685 381 816 446 saliua
834 338 1060 450 imbuenda
1078 325 1235 490 8101111111
1253 389 1430 455 secusium.
1811 403 1880 464 llll

245 502 360 584 perbia
375 517 441 562 non
455 501 504 564 est
518 501 670 584 generale
683 509 869 582 peccatum,
883 506 941 572 sed
957 525 1037 590 spe-
1094 514 1176 587 tem,
1190 511 1273 576 sicui
1290 517 1321 574 et
1334 513 1500 593 quodlibet
1519 515 1605 579 aliud
1618 519 1754 596 speciale
1770 538 1879 598 peeca-

249 582 343 644 oiale.
807 594 808 603 ’
1092 595 1161 652 tum
1183 594 1360 672 corrumpit
1380 594 1550 673 specialem
1571 597 1722 660 virtutem
1744 600 1804 661 sibi
1824 617 1880 679 op-

286 661 477 740 Respondeo
491 661 659 724 dicendum
680 663 765 742 qubd
788 669 955 743 peccatum
977 685 1039 729 su·
1092 672 1881 756 positam,contrariumageudo;aliomodopecra·

245 742 368 819 perbice
390 740 559 820 dupliciter
584 747 689 820 potest
713 745 910 808 considerari
938 749 953 806 τ’
971 765 1039 808 uno
1094 754 1161 810 tum
1185 751 1316 830 aliquod
1337 753 1512 832 corrumpit
1534 757 1697 830 virtutem,
1719 759 1881 821 abutendo

245 821 343 880 modo
368 821 544 882 secundum
570 824 734 902 propriam
759 825 917 903 speciem,
941 843 1039 904 quam
1094 827 1301 906 ipsdvirtute,
1317 831 1882 915 etsiesuperbiacorrumpitquam-

246 898 345 961 babet
358 918 399 960 cx
411 901 536 963 ratione
550 903 671 981 proprii
685 903 813 982 obiecti,
828 909 858 964 ct
871 904 932 965 boc
945 905 1039 966 modo
1093 907 1171 968 libet
1185 913 1348 980 virtutem,
1364 911 1398 971 in
1420 918 1578 989 quantum
1599 915 1721 975 scilicet
1737 933 1777 976 ex
1802 917 1880 994 ipsis

245 981 400 1056 superbia
420 984 468 1042 est
489 982 627 1059 speciale
649 983 926 1061 peccatum,quia
944 984 1041 1046 babel
1093 987 1263 1050 virtutibus
1292 991 1388 1050 sunsit
1419 991 1619 1054 occasionem
1651 995 1879 1072 superbiendi,

246 1057 387 1136 speciale
400 1058 561 1139 objectum
577 1082 584 1121 :
599 1067 648 1123 est
660 1062 745 1124 enim
764 1061 964 1124 inordinatus
979 1079 1040 1140 ap-
1092 1067 1177 1128 sicut
1194 1085 1236 1128 ex
1254 1067 1451 1146 quibuslibet
1465 1070 1536 1131 aliis
1551 1073 1647 1133 rebus
1671 1073 1710 1134 ad
1723 1075 1884 1135 excellen-

245 1138 365 1217 petitus
390 1142 529 1220 propriae
551 1140 769 1212 excellentie,
793 1144 830 1204 ut
854 1141 972 1203 dictum
992 1147 1040 1203 est
1092 1145 1171 1206 tiam
1185 1145 1429 1224 pertinentibus.
1447 1147 1534 1212 Unde
1554 1160 1620 1211 non
1635 1152 1782 1230 sequitur
1796 1152 1886 1232 qudd

246 1221 310 1280 art.
327 1237 442 1298 praec.;
459 1222 523 1284 alio
543 1218 636 1282 modo
657 1224 761 1298 potest
778 1221 973 1283 considerari
990 1239 1039 1282 se·
1096 1225 1138 1285 sit
1151 1225 1301 1303 generale
1315 1232 1499 1302 peccatum.

247 1295 388 1364 cenidium
402 1300 647 1362 redundantiam
682 1301 831 1362 uamdam
845 1301 877 1360 in
889 1300 954 1362 alia
967 1319 1040 1379 perr
1136 1303 1180 1364 nd
1194 1309 1347 1382 quartum
1364 1304 1532 1366 dicendum
1555 1306 1641 1384 quod
1663 1310 1815 1387 superbia
1835 1314 1885 1372 at·

247 1379 652 1450 cata,etsecund1lmboc
697 1382 770 1441 abet
790 1379 1038 1458 quamdamge-
1094 1382 1195 1443 tendit
1215 1383 1385 1461 specialem
1409 1385 1566 1446 rationem
1586 1387 1719 1466 objecti,
1739 1406 1814 1466 quae
1836 1394 1886 1450 la-

247 1461 463 1534 neralitatem‚
479 1458 512 1520 iu
528 1458 685 1537 quantiam
699 1459 817 1520 scilicet
830 1477 871 1519 ex
886 1457 1039 1536 superbit
1094 1480 1167 1522 men
1183 1462 1320 1524 inveniri
1336 1466 1440 1542 potest
1451 1464 1485 1524 in
1502 1463 1636 1526 diversis
1650 1467 1794 1527 materiis
1812 1490 1820 1526 ε
1837 1474 1887 1528 est

246 1539 328 1600 oriri
341 1547 476 1618 possunt
486 1540 597 1600 omnia
608 1545 749 1616 peccata,
763 1538 879 1616 duplici
891 1539 1017 1600 ratione
1030 1559 1037 1596 ι
1095 1541 1180 1602 enim
1194 1541 1397 1603 inordinatus
1410 1559 1501 1604 amor
1514 1545 1652 1635 propriae
1666 1547 1883 1608 excellentiae:

230 1633 317 1692 ,uno
332 1619 426 1680 modo
450 1637 507 1698 per
531 1637 585 1690 se,
602 1617 635 1677 in
683 1622 817 1680 nantum
841 1618 961 1679 scilicet
976 1618 1038 1680 alia
1093 1621 1284 1684 excellentia
1310 1627 1417 1684 aulem
1442 1621 1476 1683 in
1498 1620 1632 1686 diversis
1659 1626 1756 1688 rebus
1781 1631 1888 1705 potest

223 1755 227 1760 .
247 1705 380 1776 peccata
400 1699 593 1760 ordinantur
606 1695 646 1758 ad
660 1635 763 1758 (linem
786 1697 963 1774 superbie,
983 1697 1038 1774 qui
1094 1699 1244 1760 inveniri.

218 1777 226 1804 ⁹
247 1782 298 1839 est
313 1779 445 1856 propria
457 1777 658 1846 excellentia,
669 1775 708 1838 ad
720 1794 819 1855 quam
832 1779 937 1853 potest
951 1775 1041 1836 ordi-
1093 1779 1273 1842 Annicuaus
1290 1796 1338 1840 ιιι.
1355 1813 1394 1824 -
1408 1777 1521 1841 Utrum
1537 1780 1682 1860 superbia
1702 1783 1745 1844 sit
1762 1783 1798 1844 iu
1813 1783 1889 1846 ira—

247 1858 439 1931 uariomne
454 1857 483 1916 id
508 1855 592 1934 qnod
608 1857 681 1933 quis
705 1854 885 1916 inordinate
900 1855 1037 1933 appetit3
1133 1855 1237 1919 scibili
1250 1858 1332 1918 sicot
1344 1857 1381 1919 ia
1395 1857 1543 1938 asbjecto.
1561 1895 1598 1904 -
1613 1861 1710 1940 (Mal.
1725 1870 1832 1942 quea.
1845 1860 1886 1934 8,

247 1937 314 1998 alio
336 1937 431 1997 modo
451 1933 622 2010 indirecte,
638 1939 669 1996 et
689 1936 783 2012 quasi
798 1953 856 2013 per
871 1935 1016 1997 accidens
1030 1979 1038 2000 ,
1134 1944 1195 1998 art.
1211 1937 1242 2010 3,
1259 1947 1287 1998 et
1304 1937 1375 2000 Ver.
1390 1946 1497 2016 quest.
1513 1938 1541 2011 1,
1558 1945 1620 2000 art.
1639 1937 1669 2012 5,
1681 1941 1722 2002 od
1737 1941 1805 2018 lo.)

245 2016 371 2078 scilicet
392 2016 586 2078 removendo
611 2015 805 2094 prohibens,
824 2014 857 2075 in
881 2018 1038 2093 quantum
1133 2015 1179 2076 Ad
1194 2017 1322 2077 tertium
1337 2016 1383 2077 sic
1397 2017 1591 2094 proceditur.
1609 2019 1638 2078 1.
1653 2019 1787 2081 Videtur
1798 2019 1888 2097 quod

247 2095 370 2158 scilicet
384 2097 479 2158 bouso
491 2113 547 2173 per
564 2094 748 2173 superbiam
763 2094 937 2154 contemnit
952 2092 1040 2154 divi·
1093 2096 1244 2173 superbia
1255 2112 1320 2157 non
1332 2095 1416 2158 sitin
1428 2097 1581 2157 irascibili
1592 2097 1885 2178 sicutinsubjecto.

246 2170 1037 2270 uamlegern,perquamprohibeturdpeccando,
1091 2174 1174 2235 llicit
1199 2175 1285 2235 enim
1312 2173 1499 2254 Gregorius,
1525 2175 1563 2235 13
1588 2177 1716 2249 Moral,
1738 2195 1809 2256 cap.
1836 2179 1888 2251 10,

247 2255 426 2316 secuudum
447 2254 525 2315 illud
562 2255 680 2314 Jercm.
703 2252 744 2320 1,
768 2251 807 2311 10
823 2271 830 2310 :
846 2251 1040 2330 confregisti
1093 2259 1167 2314 ante
1184 2254 1263 2313 med.
1277 2253 1495 2315 :obstaculum
1506 2255 1647 2316 veritatis
1659 2267 1764 2317 tamor
1776 2257 1890 2318 mentis

243 2331 366 2412 jupam,
395 2334 512 2414 rapisti
538 2331 676 2403 vincula,
702 2330 816 2393 dixisti
840 2351 850 2390 :
871 2329 947 2394 Non
974 2347 1041 2390 ser·
1092 2339 1156 2400 est,
1173 2333 1246 2410 quia
1261 2329 1334 2392 adm
1348 2332 1459 2412 instat,
1480 2332 1650 2396 obnubilat.
1674 2333 1734 2396 Sed
1748 2337 1890 2415 cognitio

244 2413 340 2476 oiaiu.
1093 2411 1236 2473 veritatis
1253 2429 1318 2471 non
1340 2411 1479 2489 pertinet
1493 2411 1532 2482 ad
1548 2413 1758 2486 irascibilem,
1775 2415 1834 2476 sed
1847 2414 1891 2476 ad

287 2493 456 2556 Sciendum
472 2498 578 2556 tamm
593 2491 680 2571 qudd
695 2491 735 2554 ad
748 2491 832 2552 banc
844 2489 1041 2571 generalita-
1093 2491 1157 2551 vim
1168 2489 1370 2554 rationalem.
1383 2489 1469 2570 Ergo
1480 2492 1632 2569 superbia
1643 2509 1709 2554 non
1720 2493 1811 2555 estin
1824 2493 1891 2556 ira·

244 2569 1040 2652 temsuperbiaspertinetqubdomniavitiainter·
1093 2569 1207 2631 scibili.

244 2649 323 2716 dum
343 2672 385 2716 ex
400 2653 552 2732 superbia
575 2652 653 2713 oriri
677 2651 820 2730 possint:
845 2655 1039 2710 nouantem
1132 2647 1163 2708 1.
1186 2650 1362 2722 Prmterea,
1386 2647 1560 2726 Gregorius
1584 2649 1680 2722 dicit,
1694 2649 1735 2710 11
1757 2651 1889 2724 ilorci„

246 2732 371 2797 adeam
390 2734 527 2812 pertinet
540 2732 626 2810 qubd
641 2730 750 2792 omnia
764 2729 842 2790 vitia
857 2745 985 2805 semper
998 2744 1040 2788 ex
1093 2745 1164 2805 cap.
1176 2724 1238 2798 aa
1253 2726 1348 2802 med„
1364 2727 1450 2806 qubd
1465 2727 1591 2807 superbi
1603 2747 1669 2790 aaa
1679 2732 1890 2792 eorumeitam

246 2813 399 2889 superbiit
409 2813 567 2875 oriantur.
578 2810 731 2885 Quamvis
745 2809 831 2870 enim
840 2807 948 2867 omnia
961 2825 1041 2883 prae·
1094 2807 1294 2868 considerant
1304 2804 1415 2887 quibas
1429 2825 1460 2866 se
1474 2805 1667 2869 ltamiliaada
1678 2817 1886 2888 postponant,

245 2897 340 2969 cepta
353 2894 432 2971 legis
449 2892 550 2970 possit
570 2891 642 2968 quis
660 2887 839 2967 transgredi
857 2885 1041 2963 qualicum-
1093 2885 1146 2947 sed
1158 2884 1270 2966 quibus
1280 2884 1483 2964 superbiendo
1498 2890 1722 2969 sepraseranm
1736 2891 1768 2949 et
1782 2889 1830 2950 sic
1841 2889 1890 2949 vi-

247 2988 313 3048 que
336 2977 464 3049 peccato
484 2989 526 3030 ex
548 2971 748 3046 contemptu,
764 2967 820 3044 qui
844 2965 982 3043 pertinet
1001 2962 1040 3026 ad
1094 2964 1187 3026 detur
1205 2964 1292 3044 qubd
1313 2966 1464 3041 superbia
1487 2985 1526 3027 ex
1546 2965 1686 3028 indebiti
1700 2967 1890 3031 considera-

246 3050 449 3128 superbiam,
466 3067 531 3110 non
553 3054 660 3110 tamen
684 3064 810 3124 semper
831 3063 871 3105 ex
889 3046 1033 3104 contem-
1092 3043 1181 3105 tione
1196 3042 1356 3120 procedat.
1370 3043 1429 3104 Sed
1445 3044 1660 3108 consideratio
1671 3062 1735 3105 non
1750 3047 1889 3125 pertinet

245 3137 306 3208 piu
331 3129 449 3207 aliquis
471 3133 634 3208 ,praecepta
657 3125 766 3186 divina
787 3123 1039 3202 transgreditur,
1093 3122 1134 3184 ed
1161 3123 1374 3194 irascibilem,
1404 3123 1458 3185 sed
1480 3119 1586 3202 potiris
1617 3123 1656 3186 ad
1679 3127 1884 3188 rationalem.

246 3209 303 3272 sed
320 3209 515 3287 quandoque
531 3226 570 3268 ex
585 3203 779 3288 ignorantia,
792 3203 987 3282 quandoque
999 3219 1041 3262 ex
1092 3200 1178 3282 Ergo
1189 3203 1417 3280 superbiauon
1429 3207 1478 3264 est
1489 3203 1699 3278 innascibili,
1714 3205 1769 3266 sed
1780 3202 1887 3285 potiris

246 3289 444 3351 infirmitate.
461 3289 501 3348 Et
522 3287 595 3347 inde
608 3288 657 3348 est
673 3283 777 3363 quod,
793 3283 877 3345 sicut
889 3283 1041 3420 Auggsti·
1096 3280 1309 3344 inrationali.

245 3369 502 3431 nusdicitinlib.
512 3366 551 3428 de
565 3363 726 3429 Naturlet
737 3361 859 3434 Gratia,
871 3379 931 3438 cap
1626 3443 1632 3454 ·

245 3449 330 3509 med.
341 3495 349 3522 ,
360 3449 457 3510 nialla
465 3445 630 3528 perperam
645 3449 723 3527 fiant
738 3461 805 3524 qua
819 3459 884 3502 nou
895 3445 975 3523 fiant
988 3459 1042 3501 sa·
1094 3441 1317 3503 excellentiam
1333 3441 1367 3502 in
1382 3443 1478 3504 rebus
1489 3443 1709 3512 sensibilibus,
1723 3441 1779 3504 sed
1791 3445 1892 3506 etiam

245 3527 349 3609 perde.
1094 3521 1129 3581 in
1142 3521 1238 3582 rebus
1251 3520 1474 3614 spiritualibus
1489 3528 1521 3583 et
1533 3521 1806 3614 intelligibilibus:
1819 3523 1891 3601 ipsa

289 3608 335 3670 bd
353 3609 491 3686 primum
509 3622 585 3686 ergo
600 3601 767 3665 dicendum
783 3599 869 3679 qnbd
885 3599 1042 3678 Augusti-
1094 3604 1203 3661 autem
1229 3599 1451 3679 principaliter
1474 3599 1621 3662 consistit
1645 3617 1677 3660 in
1704 3607 1893 3680 contemptu

246 3705 310 3749 nus
333 3689 389 3750 illa
413 3690 509 3748 rerba
529 3683 651 3746 inducit
674 3683 706 3742 in
728 3681 784 3741 lib.
807 3679 846 3740 de
865 3677 988 3740 Natural
1011 3683 1042 3739 et
1093 3677 1173 3750 Dei,
1190 3675 1366 3739 secundum
1391 3679 1470 3740 illud
1491 3679 1589 3740 Eccli.
1609 3678 1658 3750 lt),
1674 3677 1714 3739 ll
1728 3699 1736 3738 ε
1752 3678 1892 3742 Initium

249 3767 371 3840 Gratia,
388 3785 454 3828 uon
469 3784 510 3828 ex
528 3762 589 3827 sua
607 3759 758 3840 personi,
774 3758 826 3820 sed
842 3777 884 3820 ex
902 3755 1042 3836 persona
1093 3757 1246 3850 superbia
1259 3756 1393 3819 bominis
1415 3765 1594 3838 apostatare
1613 3755 1632 3817 d
1652 3759 1728 3818 Dea.
1743 3757 1802 3819 Sed
1818 3759 1893 3820 ira-

248 3848 382 3910 alterius
409 3852 520 3908 contra
533 3861 630 3922 quem
644 3841 795 3918 disputat.
811 3837 898 3899 Unde
910 3842 942 3898 et
952 3842 1043 3914 post·
1095 3837 1227 3908 scibilis,
1243 3834 1315 3898 ciam
1331 3836 1371 3896 sit
1387 3855 1460 3914 pars
1476 3835 1636 3914 appelitils
1650 3837 1807 3907 sensitivi,
1824 3857 1892 3902 non

247 3891 561 4002 modbm'improbat
584 3937 641 3992 ea,
666 3918 837 3981 ostendens
862 3915 948 3996 qudd
976 3932 1041 3977 non
1094 3921 1199 4055 Belesi
1215 3933 1249 3976 se
1271 3916 1444 3976 extendere
1466 3916 1499 3976 iu
1515 3917 1616 3977 Deum
1640 3921 1671 3976 et
1686 3917 1718 3976 in
1736 3915 1892 3996 inlelligi-

248 4022 377 4082 semper
392 4022 433 4065 ex
449 3998 601 4078 superbia
619 4004 782 4078 peccatur.
1118 3995 1185 4057 ilia.
1204 3995 1285 4076 Ergo
1300 3994 1452 4075 superbia
1473 4012 1539 4056 non
1562 4000 1752 4074 potestesse
1774 3995 1807 4057 in
1822 3997 1892 4058 ira-

275 4077 397 4144 'Potest
419 4087 526 4141 tamen
549 4078 608 4140 dici
633 4077 719 4156 quod
747 4075 953 4137 auctoritates
980 4074 1043 4135 ille
1096 4074 1211 4136 scibili.
1356 4089 1360 4100 ·

249 4162 475 4242 intelliguntur
498 4154 654 4237 quantum
677 4155 716 4218 ad
742 4154 935 4216 exteriorem
958 4151 1043 4214 alie-
1135 4151 1166 4212 b.
1181 4155 1350 4224 Praeterea,
1362 4156 1398 4214 ut
1409 4151 1526 4214 dicitur
1537 4152 1570 4214 in
1583 4153 1638 4215 lib.
1650 4152 1893 4216 Sententiarum

249 4248 336 4304 ctum
352 4240 527 4320 superbie,
544 4237 661 4316 quiesi
675 4232 854 4311 transgredi
870 4236 1040 4310 praecepta,
1096 4232 1267 4310 Prosperi,
1284 4235 1366 4293 sent.
1380 4231 1439 4292 191
1455 4253 1462 4292 :
1479 4230 1692 4314 Superbioest
1707 4251 1796 4294 amar
1809 4253 1892 4314 pro-

249 4323 336 4400 quod
351 4321 516 4382 invenitur
530 4319 562 4378 in
579 4315 723 4394 quolibet
737 4309 889 4392 peccato:
905 4327 969 4370 non
985 4329 1043 4372 au·
1118 4311 1174 4372 ria
1188 4309 1387 4372 excellentia.
1403 4310 1462 4372 Sed
1477 4328 1568 4372 amor
1582 4329 1648 4374 nou
1662 4315 1712 4374 est
1726 4313 1758 4372 in
1774 4313 1888 4378 irasci-

248 4407 314 4464 tem
327 4396 485 4482 quantum
499 4400 537 4460 ad
552 4395 736 4458 interiorem
750 4395 857 4453 aetum
872 4391 1040 4468 superbias,
1094 4331 1165 4464 1111,
1179 4390 1278 4452 sedin
1292 4389 1545 4469 concupiscibili.
1560 4391 1645 4472 Ergo
1656 4393 1810 4471 superbia
1824 4411 1891 4455 uon

249 4483 306 4560 qui
322 4487 370 4543 est
383 4486 507 4542 contem
534 4481 584 4538 tus
598 4473 758 4553 praecepti.
775 4471 845 4531 Non
861 4469 945 4531 enim
961 4487 1043 4530 sem·
1096 4468 1191 4531 estin
1206 4469 1371 4531 irascibili.

248 4577 308 4638 per
321 4559 488 4638 peccatum
502 4497 536 4617 111
553 4575 593 4617 ex
609 4554 808 4630 contemptu,
825 4549 878 4611 sed
894 4548 1043 4626 qnando·
1135 4548 1194 4611 Sed
1209 4553 1320 4610 contra
1332 4546 1477 4625 estquod
1489 4547 1718 4630 Gregorius‚in
1730 4549 1891 4626 Siloral„

249 4657 314 4717 que
325 4656 365 4698 ex
381 4635 574 4718 ignorantia,
586 4632 781 4712 quandoque
796 4647 837 4691 ex
846 4628 1041 4701 infirmitate,
1097 4644 1167 4707 cap.
1182 4627 1234 4700 16,
1248 4624 1364 4706 partlm
1379 4625 1399 4689 a
1412 4628 1529 4705 princ,
1546 4631 1638 4708 ponit
1650 4637 1761 4692 contra
1777 4649 1894 4710 super·

249 4725 287 4780 ut
302 4719 421 4779 dictum
435 4721 482 4778 cst
496 4716 530 4775 in
544 4732 630 4792 corp.
641 4717 702 4772 art.
1097 4707 1182 4769 biam
1199 4707 1319 4768 donum
1335 4706 1470 4768 lienosis.
1493 4707 1605 4770 Timor
1625 4715 1732 4771 autem
1752 4711 1894 4788 pertinet

290 4798 337 4860 Ad
352 4796 528 4859 secundum
550 4790 718 4855 dicendum
739 4788 824 4866 quod
847 4785 1043 4865 quandoque
1097 4785 1355 4849 adirascibilem.
1368 4786 1452 4864 Ergo
1463 4788 1712 4866 superbiaestin
1721 4789 1892 4851 irascibili.

249 4879 369 4956 uliquis
385 4873 553 4938 committit
576 4869 707 4949 aliquod
731 4872 897 4946 peccatum
919 4882 1043 4926 secun·
1135 4865 1325 4944 llespondeo
1340 4864 1509 4926 dicendum
1526 4865 1613 4946 qubd
1636 4867 1818 4946 subjectum
1832 4888 1896 4931 cu-

249 4955 326 5019 drlm
341 4954 506 5026 ellectum,
523 4951 577 5014 sed
595 4967 660 5011 non
683 4945 858 5009 secundum
871 4943 1041 5019 allectum
1094 4945 1227 5025 juslibet
1242 4945 1369 5007 virtutis
1386 4945 1437 5005 vel
1451 4944 1520 5007 vitii
1533 4949 1661 5024 oportet
1673 4946 1841 5024 inquirere
1852 4967 1894 5010 ex

248 5039 334 5099 sicut
348 5037 399 5096 ille
411 5033 467 5113 qui
484 5033 493 5093 i
518 5034 670 5093 noranter
681 5027 796 5088 occidit
810 5029 945 5103 patrem,
957 5040 1044 5084 com·
1097 5024 1228 5102 proprio
1243 5025 1379 5099 objecto.
1395 5023 1465 5085 Nou
1480 5025 1566 5086 euim
1590 5030 1780 5102 potestesse
1803 5028 1894 5088 aliud

249 5116 346 5177 mittit
370 5051 577 5193 paraclitum
596 5102 773 5171 secundum
794 5102 959 5174 ellectum,
988 5099 1043 5164 sed
1096 5103 1258 5195 objectum
1281 5101 1409 5164 babitrls
1434 5103 1485 5166 vel
1512 5101 1623 5177 actus,
1647 5105 1711 5167 uisi
1737 5106 1824 5184 quod
1846 5115 1897 5169 est

249 5212 317 5255 non
330 5188 507 5256 secundum
519 5187 684 5257 allectum,
696 5186 772 5263 quia
787 5185 847 5246 boc
861 5199 927 5244 non
940 5183 1044 5243 inten·
1097 5183 1257 5261 objectum
1279 5182 1449 5260 potentiae,
1465 5199 1538 5261 quae
1559 5183 1691 5262 utrique
1709 5185 1895 5265 subjicitur.

249 5267 608 5335 debat:etsecnndi1m
633 5267 694 5326 boc
712 5263 891 5343 transgredi
917 5279 1045 5339 praeee-
1097 5261 1265 5338 Proprium
1280 5267 1387 5323 autem
1409 5261 1569 5340 objectum
1593 5264 1752 5342 superbiae
1774 5271 1825 5326 est
1839 5284 1899 5328 ar-

249 5361 341 5431 ptum
351 5350 624 5421 Ilei,dirituresse
634 5341 1042 5419 contralleumsuperbire,
1097 5339 1219 5415 dnum;
1235 5346 1283 5402 est
1297 5341 1384 5402 enim
1399 5342 1560 5419 appetitus
1575 5344 1715 5422 proprie
1726 5345 1877 5406 excellen

251 5428 429 5494 secundam
443 5428 590 5491 ellectum
603 5422 732 5504 quidem
747 5440 885 5501 semper,
902 5437 966 5479 non
982 5435 1045 5480 au·
1097 5420 1169 5491 tie,
1192 5425 1228 5481 ut
1251 5419 1370 5481 dictum
1392 5425 1442 5482 est
1464 5427 1525 5482 art.
1551 5421 1567 5482 1
1592 5426 1623 5482 et
1641 5421 1661 5480 1
1686 5441 1781 5501 praec.
1806 5424 1898 5487 Unde

250 5516 316 5574 tem
337 5526 463 5587 sempor
478 5502 653 5569 secundum
672 5500 831 5564 allectum.
1098 5503 1224 5576 oportet
1244 5497 1331 5578 qudd
1356 5499 1507 5579 superbia
1530 5501 1640 5580 aliquo
1664 5502 1759 5564 modo
1774 5503 1815 5564 ad
1830 5506 1898 5566 vim

292 5591 339 5652 ild
355 5589 483 5650 tertium
502 5586 670 5647 dicendum
691 5580 776 5659 quod
796 5583 962 5658 peccatum
978 5578 1046 5638 ali·
1098 5578 1294 5639 irascibilem
1310 5581 1479 5657 pertineat.
1499 5579 1558 5641 Sed
1574 5580 1745 5643 irascibilis
1760 5581 1898 5662 duplici·

251 5670 339 5749 quod
351 5671 457 5748 potest
470 5660 835 5742 corrumperevirtutem
849 5657 1043 5735 dupliciter:
1099 5663 1148 5718 ter
1160 5657 1260 5736 accipi
1286 5661 1402 5735 potest.
1422 5659 1492 5721 b'no
1514 5659 1610 5721 modo
1633 5661 1782 5740 proprie3
1800 5669 1831 5725 el
1849 5665 1894 5728 sle

250 5767 320 5810 uno
342 5747 435 5808 modo
460 5764 516 5824 per
540 5744 694 5804 directam
717 5738 977 5801 contrarietatem
1004 5735 1045 5798 ad
1099 5741 1234 5814 estpars
1248 5737 1409 5815 appetitus
1427 5739 1588 5814 sensitivi,
1605 5741 1688 5802 sicut
1702 5747 1734 5802 et
1748 5742 1798 5804 ira
1813 5761 1888 5822 pro

251 5829 415 5888 virtutem.
430 5831 461 5884 et
476 5817 807 5896 boemodosuperbia
823 5833 886 5876 non
901 5833 1045 5876 corrum·
1100 5815 1170 5895 prid
1196 5822 1324 5896 sumpta
1349 5825 1398 5880 est
1423 5820 1570 5896 quedam
1595 5820 1705 5898 passio
1734 5823 1897 5901 appetitus

251 5906 302 5982 pit
314 5891 490 5983 quamlibet
500 5902 667 5972 virtutem,
685 5897 740 5959 sed
755 5894 860 5958 solum
875 5894 1046 5958 bumilita-
1102 5896 1265 5974 sensitiri3
1281 5897 1455 5960 ullomodo
1474 5903 1581 5978 potest
1592 5899 1700 5978 accipi
1721 5901 1895 5966 irascibilis

986 3361 1039 3431 ,iu
1133 3361 1164 3422 3.
1188 3363 1365 3436 Preterea,
1384 3363 1537 3441 superbia
1560 3379 1626 3424 non
1648 3360 1752 3425 solim
1774 3365 1890 3441 querit
