4056 6340
253 299 324 369 siaa
709 287 841 365 suadit
860 289 1460 396 niaoiocieitsucurinisacuntd.
1831 316 1894 390 iiei

252 434 366 490 eorum
395 419 561 502 peecatum
593 405 661 486 tole
686 419 831 489 bumana
860 427 978 490 natura
1009 424 1045 490 iii
1101 421 1174 492 edm
1192 427 1235 492 ait
1250 425 1390 510 privatio
1412 417 1527 495 sanetis
1544 427 1577 496 et
1596 421 1681 510 vito,
1699 433 1804 502 etsie
1828 460 1895 510 non

253 501 390 585 posteris
414 501 472 565 tali
500 495 654 566 beneficio
675 499 828 570 destituta
841 511 977 570 moitem
990 505 1048 570 iii-
1100 510 1257 588 estpeaiia
1272 505 1399 586 scnsiis,
1418 503 1473 574 sed
1485 529 1580 591 piena
1594 511 1719 592 damnir
1735 507 1801 581 aiio
1824 540 1895 582 nio-
1993 523 1994 548 ³

253 583 365 648 currit
1099 585 1141 651 do
1151 585 1425 672 secundumqudd
1439 591 1585 656 nominat
1597 593 1894 680 ipsamcorruptio-

291 663 339 730 be
361 663 514 743 aaaron
527 658 696 728 dicendum
717 663 804 745 qndd
820 664 938 747 aliquis
961 665 1046 732 deie-
1098 665 1273 750 itemquae
1286 663 1479 736 imminetur
1491 671 1532 735 ad
1545 673 1759 756 privationem
1776 680 1907 758 preadi-v

250 750 320 810 ctus
336 762 377 807 eir
398 746 529 824 peccato
552 744 797 827 consequiturd
843 747 957 813 liciter.
974 747 1044 812 Uno
1099 743 1193 810 ctam.
1221 748 1267 810 De
1301 751 1509 830 corruptione
1538 757 1667 831 auum,
1688 755 1772 820 sicut
1796 762 1831 821 et
1855 761 1894 824 de

249 825 345 898 inodo
383 822 560 886 ermodum
573 842 676 906 prena
692 827 811 892 taxata
856 827 989 909 judice:
1013 833 1045 893 et
1098 829 1307 908 generatione
1318 829 1488 912 dupliciter
1509 831 1599 914 ioqui
1615 852 1789 915 possumus
1803 859 1812 899 ε
1826 857 1892 902 nno

248 907 323 970 talis
349 841 490 998 delectus
513 903 647 1000 aequalis
669 905 764 970 debet
783 925 854 973 esse
871 908 904 974 in
930 907 979 972 liis
1003 907 1043 974 ad
1098 907 1204 982 modo,
1223 907 1400 973 secundum
1415 909 1502 993 qndd
1526 917 1575 976 est
1597 915 1755 980 terminus
1775 917 1894 982 altera·

248 1001 331 1070 quos
345 983 514 1064 equaliter
528 989 666 1064 pertinet
678 991 859 1070 peccatum.
876 987 967 1053 itlius
985 1005 1044 1052 au·
1097 987 1207 1063 tionis,
1223 989 1313 1054 etsie
1326 989 1360 1052 iii
1381 990 1452 1069 ipso
1476 991 1609 1058 instanti
1635 993 1669 1058 in
1692 1013 1760 1076 quo
1785 999 1892 1077 primd

247 1072 311 1129 tem
325 1063 465 1132 detectus
479 1065 597 1144 estqui
611 1085 653 1128 cii
668 1062 853 1147 hujusmodi
869 1067 965 1163 poeni
986 1087 1044 1149 per
1096 1065 1242 1145 privatur
1257 1067 1340 1148 vita,
1356 1070 1473 1134 dieitur
1486 1071 1594 1136 inesse
1608 1089 1708 1151 mors,
1725 1080 1756 1152 et
1770 1095 1898 1140 secun-

247 1147 395 1210 accidcns
406 1145 627 1224 consequitur,
642 1146 726 1210 sicut
739 1147 825 1228 qudd
841 1149 960 1228 aliquis
983 1168 1044 1232 pro
1096 1143 1248 1212 ddmboc
1264 1151 1362 1218 etiam
1381 1167 1553 1216 morencii
1576 1157 1890 1234 cstpoenasensds3
1994 1157 1995 1162 ’

247 1225 344 1308 eulpa
358 1217 429 1287 'sua
449 1229 629 1288 excaecalus
651 1225 744 1290 cadat
760 1229 795 1290 iii
807 1225 883 1292 via:
911 1233 943 1292 et
968 1227 1042 1308 talis
1096 1222 1161 1290 alio
1181 1227 1279 1292 modo
1294 1229 1459 1312 corruptio
1477 1236 1582 1312 potest
1600 1235 1702 1314 accipi
1721 1253 1795 1299 cum
1814 1237 1894 1302 alte·

247 1307 388 1370 deiectu's
406 1305 508 1384 culpa
531 1323 598 1368 non
620 1307 898 1387 proportionetur,
927 1327 986 1372 nec
1000 1311 1042 1374 ab
1096 1307 1221 1370 ratione
1251 1311 1474 1390 praecedente,
1503 1317 1600 1394 prout
1628 1305 1745 1378 dicitur
1771 1317 1889 1396 aliquis

246 1387 376 1453 bomine
387 1384 494 1468 judice
507 1388 676 1465 pensatur,
691 1387 750 1467 qui
763 1406 829 1450 nori
849 1392 955 1472 potest
977 1384 1043 1452 ior·
1096 1387 1192 1464 mori,
1207 1385 1284 1452 ditm
1298 1393 1446 1454 movetur
1458 1383 1493 1452 ἰιι
1505 1398 1663 1470 montenis
1677 1395 1762 1458 sirm
1775 1395 1891 1460 dicitnr

245 1469 343 1530 tullos
357 1468 489 1530 eventus
505 1483 778 1548 praecognoscere.
794 1468 845 1532 Sic
857 1486 934 1550 ergo
946 1487 1042 1548 pmiia
1095 1462 1217 1548 aliquid
1235 1469 1396 1551 generari,
1408 1464 1485 1533 di'im
1495 1477 1643 1536 movetur
1655 1475 1688 1538 in
1701 1481 1890 1555 generatum

239 1551 357 1613 taxata
364 1563 429 1690 Xm
444 1546 549 1625 primo
562 1550 693 1626 peccato
709 1547 995 1631 proportionaliter
1010 1549 1041 1611 ei
1095 1565 1167 1610 esse
1183 1568 1191 1607 ι
1207 1551 1239 1610 et
1251 1549 1298 1611 sic
1307 1565 1395 1612 mors
1408 1554 1514 1630 potest
1529 1570 1600 1616 esse
1613 1547 1776 1620 aillictiva.

243 1645 362 1708 respon

244 1789 508 1851 conservabatur.
523 1783 672 1848 Deiectus
683 1791 792 1851 autem
806 1792 1040 1870 consequentes
1094 1780 1172 1849 Huc
1183 1805 1267 1850 mors
1282 1789 1317 1850 ed
1332 1787 1382 1852 die
1400 1789 1516 1854 occidit
1529 1790 1592 1874 qud
1610 1793 1730 1875 [naum
1745 1761 1891 1957 wd

242 1867 496 1933 subtractionem
508 1865 692 1947 hujusmodi
704 1865 849 1932 beneficii
859 1875 1039 1944 suntmors,
1093 1865 1441 2029 Dassaretiorum
1459 1879 1533 1934 tuac
1554 1867 1727 1938 multam
1822 1877 1891 1939 ita-

243 1953 276 2011 et
292 1949 364 2012 alie
388 1946 589 2038 poenalitates
610 1947 777 2026 presentis
802 1948 886 2014 vitae.
910 1949 951 2010 Et
970 1947 1041 2012 idcd
1095 1953 1194 2010 temet
1216 1949 1312 2010 morti
1327 1963 1409 2010 ercan
1420 1950 1520 2030 primi
1565 1953 1736 2017 montesio
1757 1974 1813 2018 eor
1834 1975 1889 2018 ore

242 2045 310 2092 non
324 2029 451 2122 eportet
469 2025 660 2119 hujusmodl
673 2043 783 2105 poeiias
806 2030 949 2122 aequales
970 2047 1042 2092 esse
1093 2025 1222 2090 mortali
1236 2038 1475 2122 contraxerunt.
1496 1970 1568 2108 ved),
1584 2033 1669 2096 sicut
1689 2033 1765 2098 dicit
1784 1976 1841 2098 lid.
1872 2038 1889 2099 t

242 2107 278 2172 in
303 2107 353 2170 his
371 2103 410 2172 ad
434 2122 516 2186 quos
545 2106 713 2185 aqualiter
739 2112 880 2188 pertinet
899 2109 1042 2190 primum
1094 2105 1477 2199 depeccatururnlderitis
1492 2103 1891 2196 etaemissionecspao,

385 1615 727 1698 metaumaucensis
755 1624 854 1692 divini
880 1627 1041 1706 beneficii,
1114 1627 1347 1700 ,Adoctavum
1364 1629 1532 1696 dicendum
1548 1629 1754 1712 qudd,.sicut
1773 1625 1825 1700 du
1867 1671 1889 1688 -
1994 1675 1995 1700 2

243 1725 311 1788 quo
333 1706 492 1770 rectitudo
509 1709 542 1766 et
566 1707 734 1788 integritas
750 1708 900 1774 humanae
918 1711 1042 1772 naturas
1096 1706 1200 1770 stinus
1214 1705 1438 1792 dicitbsuper
1453 1706 1532 1774 Gen.
1557 1700 1598 1774 ad
1625 1712 1700 1790 litt,
1728 1732 1800 1796 ιαμ
1901 1767 1904 1774 .
1994 1709 1995 1726 ¹

240 2192 422 2270 peccatum.
449 2183 572 2249 Verum
599 2186 677 2264 quia
701 2182 788 2252 Deus
810 2189 966 2268 praescius
992 2191 1042 2252 est
1094 2203 1181 2250 circa
1197 2186 1448 2274 med.,qtiamets
1463 2209 1563 2252 aneos
1582 2191 1697 2256 ordior
1717 2195 1893 2276 prospa-
1995 2197 1996 2272 ᾗ

241 2269 388 2332 omnium
395 2267 576 2330 futurorum
584 2271 771 2342 eventuum,
781 2286 822 2330 cx
830 2267 1041 2348 dispositione
1093 2275 1195 2328 rentes
1206 2273 1313 2352 postea
1326 2267 1479 2338 eiecerint,
1499 2260 1555 2334 itte
1570 2271 1822 2339 tootendt'eiitort'
1833 2295 1894 2338 ια-
1995 2285 1996 2314 ³

239 2349 357 2414 divine
369 2341 1041 2430 praescientiaeetprovident'iae,bujusmodi
1088 2355 1207 2426 perurat
1219 2365 1279 2432 quo
1293 2347 1404 2410 mortis
1419 2346 1527 2430 lepcm,
1544 2351 1652 2434 priato
1671 2353 1793 2421 mm
1809 2363 1893 2418 aare.

239 2429 440 2514 poenalitates
453 2421 664 2491 diversimode
676 2427 710 2490 in
722 2426 856 2490 diversis
868 2427 1042 2493 inveniun-
1092 2435 1263 2496 rascereut,
1279 2438 1477 2508 acceperunt.
1637 2501 1640 2508 Δ

240 2516 312 2586 tur,
328 2525 394 2572 nou
416 2507 546 2588 quidem
569 2512 702 2650 propter
727 2508 840 2601 aliqua
854 2511 969 2572 merita
990 2505 1042 2572 vel
1094 2505 1274 2569 Anniculus
1291 2524 1326 2568 ii.
1339 2499 1502 2571 -Utrdnt
1517 2512 1734 2576 conuenienter
1769 2515 1893 2580 orticli-

239 2590 396 2654 demerita
404 2582 617 2730 praecedentia
649 2605 711 2652 aric
718 2591 874 2662 vitamet
883 2589 1040 2672 Origenes
1133 2587 1214 2650 lares
1235 2605 1335 2668 peuce
1355 2589 1533 2670 primorum
1551 2599 1719 2672 potentian
1736 2531 1892 2658 dum

239 2671 361 2752 posuit,
383 2665 407 2730 li
433 2662 803 2750 ‚2Periarch.,cap.9,
823 2667 957 2743 amede
978 2667 1042 2732 hoc
1132 2673 1249 2728 nentur
1265 2665 1492 2748 inscriptura
1508 2705 1547 2716 -
1563 2661 1891 2761 (tuendam.
1995 2739 1996 2760 ,

239 2751 328 2814 enim
349 2753 399 2814 est
411 2751 524 2811 contra
539 2745 570 2809 id
616 2746 681 2810 uod
695 2739 812 2812 dicitur
824 2749 919 2811 Rom.
934 2749 966 2823 9,
988 2747 1009 2809 2
1030 2768 1038 2810 :
1133 2745 1164 2819 1,
1180 2753 1242 2808 art.
1258 2745 1302 2830 5.)

239 2828 320 2893 Cum
342 2827 482 2891 noodiim
497 2767 617 2908 aliquid
632 2815 708 2891 boui
721 2835 776 2890 aut
793 2825 869 2892 muti
888 2827 1041 2908 epissent:
1133 2823 1376 2920 ttdpecundum
1399 2827 1446 2892 sic
1471 2827 1667 2910 proceditur.
1693 2831 1723 2894 1.
1752 2831 1890 2900 Videtur

240 2915 275 2972 et
294 2909 392 2971 etiam
404 2911 453 2969 est
469 2911 582 2968 contra
596 2905 657 2970 boc
667 2907 753 2989 quod
768 2908 802 2969 in
816 2909 921 2988 primo
932 2911 1040 2972 osten·
1092 2903 1178 2984 qudd
1192 2905 1457 2973 inconvenienter
1470 2907 1683 2988 particulares
1701 2930 1804 2992 piena
1822 2913 1893 2994 pri-

240 3007 315 3054 sum
331 2990 390 3062 est,
407 2990 520 3066 quast.
539 2983 590 3060 lii,
604 2991 665 3053 art.
683 2979 713 3062 Ξ,
730 2991 761 3052 ct
774 2991 888 3067 quast.
903 2985 956 3059 ib,
976 2991 1038 3051 art.
1091 2986 1889 3080 morumparentunidetermiuenturiaScriptura.

239 3069 273 3141 ’1,
290 3072 321 3131 et
335 3070 448 3148 quaest.
464 3065 514 3140 eo,
529 3070 590 3130 art.
611 3063 643 3142 d,
662 3066 749 3148 qudd
771 3067 880 3132 anima
903 3082 969 3148 nou
991 3069 1041 3130 est
1092 3063 1163 3128 Nou
1181 3084 1268 3129 enim
1282 3064 1375 3130 debet
1386 3068 1547 3150 assignari
1560 3073 1597 3132 ut
1609 3087 1705 3150 poena
1757 3073 1838 3136 ocati
1856 3074 1890 3136 id

240 3153 350 3214 creata
363 3151 437 3212 ante
451 3162 569 3226 corpus
585 3161 593 3206 τ
610 3142 665 3214 sed
679 3147 731 3218 vel
745 3147 781 3210 iii
794 3165 922 3231 poeuam
932 3147 1041 3227 pater·
1091 3143 1288 3224 quodetiam
1303 3145 1374 3209 sine
1388 3153 1520 3228 peccato
1540 3153 1635 3212 esset.
1664 3149 1703 3214 Se
1739 3146 1832 3214 dolor
1854 3154 1890 3218 iii

239 3246 360 3294 norum
381 3230 599 3310 peccatorum,
629 3227 664 3292 in
711 3230 847 3292 uantum
877 3224 963 3292 tilius
991 3227 1040 3291 est
1091 3225 1247 3302 pariendo
1264 3232 1361 3302 esset,
1377 3232 1415 3292 ut
1430 3227 1569 3306 videtur,
1584 3229 1682 3294 etiam
1690 3231 1763 3297 siae
1776 3249 1890 3310 pecca-
1996 3223 1997 3286 i

239 3309 389 3390 quadam
402 3325 455 3372 res
469 3307 582 3388 patris,
597 3246 1038 3388 antediequenierparentes
1071 3306 1125 3365 -to
1152 3325 1168 3402 ιΑ
1188 3303 1250 3368 boc
1276 3306 1365 3370 enim
1399 3307 1540 3388 requirit
1552 3305 1720 3390 dispositio
1746 3303 1890 3376 imminei
1996 3327 1997 3342 ³

239 3389 422 3531 puniuntur
436 3387 470 3450 in
485 3388 595 3483 prole;
609 3388 661 3452 vel
675 3388 772 3452 etiam
787 3390 918 3468 propter
931 3406 1040 3452 reme-
1091 3400 1203 3459 serius,
1216 3388 1254 3448 ut
1264 3381 1371 3466 proies
1388 3389 1479 3451 nasci
1494 3399 1561 3452 non
1573 3391 1677 3468 possit
1692 3386 1764 3454 sirio
1776 3384 1889 3456 dolore
1996 3437 1997 3448 ,

263 3467 330 3532 ium
343 3467 455 3534 salutis
471 3485 553 3548 epus,
573 3467 630 3562 qui
646 3467 831 3548 hujusmodi
846 3467 1039 3548 poeualitati-
1091 3463 1247 3544 parientis
1264 3485 1272 3526 :
1288 3466 1436 3529 similiter
1450 3469 1548 3532 etiam
1565 3467 1724 3548 subjectio
1740 3469 1889 3534 mulieris

240 3549 303 3614 bus
318 3549 478 3625 subditur,
505 3554 542 3611 ut
556 3547 678 3610 scilicet
700 3567 758 3628 per
777 3547 839 3611 boc
857 3537 878 3612 d
897 3547 1037 3628 peccatis
1091 3543 1132 3606 ad
1144 3543 1251 3607 virum
1265 3547 1476 3626 consequitur
1489 3544 1532 3610 ad
1547 3546 1776 3627 perfectionem
1785 3550 1888 3614 virilis

240 3634 404 3702 uocatur,
420 3630 478 3691 aut
489 3627 586 3690 etiam
600 3627 640 3690 de
648 3627 822 3692 virtutibus
837 3644 904 3690 uoii
921 3643 1040 3707 super·
1092 3619 1190 3686 sextis
1206 3629 1238 3686 et
1251 3623 1524 3704 imperfectionem
1547 3617 1714 3690 muliebris
1732 3648 1740 3688 :
1762 3631 1891 3709 gerini-

240 3708 369 3780 biatpel
383 3727 441 3789 per
452 3705 642 3788 patientiam
652 3713 838 3772 coronetur.
1091 3705 1183 3769 natio
1198 3703 1296 3767 etiam
1317 3705 1487 3787 spinarum
1505 3711 1538 3769 et
1552 3707 1749 3770 tribulorum
1763 3707 1805 3772 ad
1821 3725 1889 3774 ua·-

283 3786 329 3850 Ad
348 3789 498 3869 quintum
511 3783 680 3850 dicendum
696 3787 782 3867 qiiild
798 3805 884 3850 mors
904 3780 1040 3868 duplici·
1089 3787 1200 3846 turam
1210 3788 1304 3847 terra
1318 3781 1457 3867 pertinet
1487 3804 1560 3878 qua
1576 3782 1692 3850 luisset
1704 3789 1802 3850 etim
1817 3788 1888 3870 sins

242 3871 294 3931 ter
330 3872 414 3930 otest
429 3866 650 3932 considerari:
665 3885 733 3933 uno
748 3865 844 3930 modo
860 3863 1038 3931 secandum
1091 3868 1234 3956 peccato.
1261 3863 1333 3926 Non
1355 3882 1433 3946 ergo
1458 3830 1644 3945 injuncti
1664 3869 1743 3932 suut
1766 3883 1889 3932 couve-

242 3885 384 4028 quodest
394 3943 555 4025 quoddam
564 3945 844 4010 malnmbumanai
859 3949 995 4021 natura,
1007 3947 1055 4010 et.
1091 3947 1216 4007 inientes
1232 3961 1333 4024 poeiia
1346 3944 1441 4024 primi
1456 3945 1589 4024 pcccati.

230 4025 293 4091 tic
308 4043 375 4088 non
390 4028 439 4088 est
453 4041 495 4086 ex
507 4013 574 4086 Deo
603 4025 658 4088 sed
672 4023 721 4090 est
745 4025 886 4088 delectus
906 4023 1039 4104 quidam
1129 4021 1160 4084 2.
1183 4017 1351 4099 Praeterea,
1369 4023 1400 4085 id
1419 4019 1506 4104 quod
1526 4023 1666 4105 pertinet
1681 4023 1727 4100 ,ad
1745 4020 1889 4106 dignita-

244 4105 389 4168 incidens
403 4123 445 4167 ex
462 4095 559 4182 culpd
574 4069 718 4170 bumand
748 4105 813 4168 alio
825 4097 920 4168 modo
933 4106 1039 4184 potest
1090 4105 1155 4166 tem
1173 4097 1327 4184 alicujus,
1358 4121 1423 4165 non
1448 4100 1577 4166 videtur
1599 4097 1640 4168 ad
1664 4119 1793 4183 pieriam
1817 4105 1887 4186 ejus

244 4185 440 4254 considerari
458 4181 635 4247 secuudum
648 4125 736 4274 qubd
750 4185 847 4250 babet
865 4184 1040 4263 quamdam
1091 4182 1265 4261 pertinere.
1279 4182 1339 4248 Sed
1355 4181 1580 4264 multiplicatio
1596 4182 1772 4263 conceptits
1787 4186 1887 4263 perti-

243 4265 403 4329 rationsm
424 4265 514 4342 boni,
543 4269 641 4344 prout
665 4265 787 4329 scilicet
816 4258 865 4326 est
892 4263 1040 4344 quadam
1092 4265 1147 4334 net
1158 4261 1199 4325 ad
1212 4261 1399 4342 dignitatem
1410 4261 1568 4326 mulieris.
1599 4253 1686 4344 Ergo
1708 4280 1777 4326 nois
1794 4263 1889 4328 debet

242 4345 331 4427 justa
343 4361 448 4424 poeiia,
467 4347 500 4407 et
513 4343 560 4406 sic
579 4348 627 4407 est
641 4339 661 4407 d
675 4343 753 4408 Deo.
776 4337 865 4408 Unde
886 4341 1039 4426 Augusti·
1092 4340 1168 4420 poni
1181 4342 1275 4421 quasi
1289 4341 1434 4406 mulieris
1453 4359 1559 4424 poena.

245 4443 307 4488 iius
326 4426 402 4488 dicit
418 4426 450 4485 iii
471 4425 527 4486 lib.
553 4423 570 4486 1
594 4424 781 4498 Retractat„
797 4441 868 4504 cap.
884 4421 936 4495 21,
953 4425 1041 4488 circa
1103 4479 1107 4484 .
1131 4416 1161 4481 3.
1184 4423 1363 4498 Praeterea,
1379 4422 1611 4502 poenapeccati
1628 4422 1807 4501 primorum
1827 4439 1889 4502 pa-

245 4505 343 4580 med.,
358 4509 390 4566 et
405 4519 474 4584 cap.
493 4503 544 4578 26,
558 4501 706 4584 pardmd
720 4504 838 4598 princ,
853 4500 940 4583 qudd
952 4504 1038 4566 Deus
1091 4503 1221 4564 rentum
1236 4498 1275 4564 ad
1291 4519 1402 4566 omues
1418 4500 1596 4572 derivatur,
1619 4501 1704 4562 sicut
1727 4497 1766 4562 de
1785 4509 1889 4566 morte

245 4601 312 4648 non
325 4588 374 4646 est
385 4586 498 4647 auctor
508 4584 633 4660 mortis,
646 4583 710 4646 nisi
725 4603 758 4647 in
773 4589 934 4666 quantum
943 4581 1037 4665 ostiti
1091 4579 1270 4674 dictumest
1281 4585 1342 4671 apt.
1352 4594 1454 4672 ριιιι.
1474 4574 1534 4638 Sed
1555 4594 1621 4640 nou
1639 4576 1785 4642 omnium
1807 4599 1899 4660 mit-¹

245 4683 333 4808 mtffi
346 4681 474 4809 ddddin
487 4737 767 4822 dicendumqubd,
789 4741 873 4807 sicut
886 4742 937 4806 Αιι
959 4738 1040 4805 usti·
1091 4659 1211 4801 diedudd
1222 4657 1677 4816 nddddddmdddtldrscdddeddldse'
1697 4676 1890 4804 ddffltdieid

246 4845 309 4890 nus
326 4825 402 4890 dicit
417 4824 455 4885 13
474 4824 513 4888 de
534 4822 627 4886 civit.
648 4824 719 4900 Dei,
744 4841 815 4904 cap.
842 4823 873 4898 t,
905 4840 923 4886 a
968 4822 1038 4896 tim,
1091 4817 1256 4898 Nouergo
1272 4819 1431 4880 istasunt
1449 4819 1679 4882 convenientes
1703 4821 1893 4902 pennpri-

248 4897 550 4986 «quemadmodum
567 4901 679 5000 injusti
703 4901 787 4966 mald
813 4906 951 4966 utuntur
973 4917 1040 4963 nori
1092 4892 1140 4959 mi
1156 4895 1290 4978 peccati.
1574 4973 1580 4990 ⁸

247 5009 262 5045 e
277 4983 403 5050 tantiim
418 4984 524 5056 malis,
538 5001 650 5046 verum
669 4983 764 5044 etiam
776 4981 869 5046 boiiis
882 5002 891 5055 ;
905 4979 948 5042 ita
960 4977 1040 5059 justi
1132 4969 1162 5037 li.
1185 4975 1353 5050 Ριιιῑιιιι,
1366 4972 1457 5039 locus
1470 4974 1612 5056 peradisi
1632 4981 1766 5059 propter
1785 4979 1893 5044 bonil-

248 5090 262 5125 ι
283 5063 364 5128 bene
379 5068 516 5126 utuntur
529 5080 595 5125 non
607 5057 733 5125 tantuin
750 5061 855 5134 bonis,
874 5057 1042 5124 sedetiam
1093 5074 1168 5118 neni
1184 5054 1287 5119 lactus
1303 5057 1383 5120 crat.
1395 5055 1456 5118 Sed
1473 5056 1554 5118 iiiliil
1565 5056 1660 5122 debet
1679 5075 1752 5122 ease
1767 5059 1892 5124 mirri

247 5169 263 5204 e
282 5145 387 5208 malis.
405 5143 489 5208 llinc
502 5141 536 5204 tit
553 5146 590 5204 ut
604 5145 636 5204 ct
651 5138 727 5204 mali
751 5137 836 5204 maid
856 5139 927 5221 lege
946 5141 1041 5202 utan—
1093 5136 1128 5198 iii
1144 5153 1253 5198 rerum
1269 5132 1393 5200 ordine.
1408 5132 1493 5217 Ergo
1507 5134 1632 5200 videtur
1642 5137 1729 5217 qudd
1742 5139 1893 5202 nouitio·

193 5247 214 5275 w
248 5229 344 5300 «tur,
360 5223 508 5303 quamvis
523 5221 577 5284 lex
597 5215 638 5284 sit
653 5219 790 5292 bonum,
806 5223 836 5284 et
855 5217 932 5282 boni
959 5215 1042 5281 bend
1081 5213 1138 5307 'rit
1150 5213 1345 5280 couveniens
1355 5213 1496 5280 bominis
1511 5212 1894 5300 ponaqnbdtpmadiso

247 5301 472 5376 «moriantur,
487 5301 635 5381 quamvis
664 5300 705 5362 sit
719 5317 806 5362 mors
821 5300 954 5364 malum.
971 5319 986 5356 ii
1003 5295 1042 5362 ln
1095 5293 1330 5358 excluderetur.

271 5389 407 5452 uantum
417 5381 517 5464 igitur
536 5379 639 5444 sancti
665 5377 747 5444 bend
765 5383 869 5443 morte
892 5381 1040 5455 utuntur,
1136 5371 1166 5436 ti.
1188 5375 1365 5466 Praeterea,
1387 5371 1479 5438 locus
1496 5373 1551 5440 ille
1571 5373 1713 5472 paradisi
1727 5378 1893 5442 &nestris

247 5405 283 5531 dt
293 5466 338 5530 eis
357 5481 444 5526 mors
460 5458 638 5526 meritoria.
1087 5453 1135 5517 dc
1145 5474 1178 5518 se
1193 5455 1309 5519 dicitur
1323 5473 1393 5518 esse
1404 5455 1647 5520 inacccsslbilis.
1662 5453 1799 5520 Frustid
1813 5473 1893 5538 ergo

288 5545 336 5608 Ad
354 5537 705 5622 septimumdicendum
720 5539 807 5620 qudd
821 5556 907 5602 mors
930 5535 1044 5621 dupli·
1096 5533 1245 5630 apposita
1268 5537 1345 5599 sunt
1371 5535 1436 5599 alia
1463 5536 1703 5628 impedimenta,
1732 5554 1774 5598 ιιι
1794 5537 1893 5600 Ιιοιιιο

248 5621 442 5716 eiteraccipi
459 5624 588 5704 potest:
604 5637 672 5684 uno
695 5619 790 5682 modo
809 5636 868 5714 pro
888 5617 959 5700 ipsa
973 5617 1045 5696 pri-
1096 5615 1173 5679 illuc
1183 5619 1413 5689 reverteretur,
1421 5614 1542 5706 scilieet
1554 5613 1893 5697 Cherubiuetgladius

249 5704 381 5766 vatione
397 5707 483 5778 vita,
498 5699 589 5765 etsie
608 5717 696 5764 mors
711 5699 824 5764 sentiri
841 5716 908 5763 non
925 5700 1043 5782 potest,
1097 5693 1264 5760 ίΙιιιιιιιιιιι
1279 5699 1377 5774 atque
1396 5692 1569 5756 versatilis.

1138 5769 1168 5836 o.
1190 5776 1370 5846 Praeterea,
1389 5770 1486 5835 bomo
1505 5779 1580 5854 post
1602 5779 1770 5854 peceatum
1784 5777 1901 5840 statim

289 5859 328 5940 (l)
347 5861 482 5920 llteoteins
492 5859 599 5932 omittit,
612 5877 691 5920 nuri.
912 5880 917 5886 ·
1050 5857 1053 5864 '
1098 5851 1284 5932 necessitati
1299 5849 1411 5916 mortis
1426 5845 1487 5916 tuti
1499 5841 1662 5940 addictus,
1676 5855 1764 5924 etita
1774 5855 1895 5922 beneti·
