4138 6340
119 1033 122 1038 ¹
243 1093 249 1106 .
269 1040 352 1122 ptio.

227 435 280 500 ddi
647 433 784 508 QUAEST.
804 433 893 493 bittit.
910 435 954 492 bb
973 435 1188 496 occursione
1206 437 1447 501 submonebit.
1816 395 1872 508 lid

228 557 355 644 justitil
366 559 473 640 potest
490 554 530 620 dc
546 573 607 620 sno
628 553 705 618 dare
719 551 876 634 quantbm
891 553 977 625 vuit,
996 557 1028 616 et
1082 559 1212 620 sanetus
1227 561 1259 621 ct
1276 555 1384 624 mindo
1405 558 1529 636 sciens,
1545 541 1650 641 potest
1671 567 1774 648 magis
1793 583 1875 632 con-

230 641 283 703 cui
300 639 379 710 vult,
395 635 666 702 sccunddmillud
684 631 1025 704 barthoniensis:
1081 635 1164 698 terre
1190 635 1230 698 ad
1260 637 1382 700 bonum
1407 656 1578 704 commune
1600 649 1732 724 propter
1759 650 1873 727 poten·

207 737 216 758 ⁹
230 717 437 783 Annonlioet
449 715 525 780 midi
535 715 620 798 qood
630 713 700 778 oolo
712 714 835 797 [comet
845 711 1028 794 Tolteqood
1079 715 1157 777 tiam
1170 716 1221 778 vel
1247 718 1441 780 industriam
1455 721 1633 784 secularem
1652 727 1725 795 ,vel
1741 731 1874 805 propter

233 809 321 862 tuom
334 806 388 868 est,
405 795 534 860 eteocle.
1079 794 1201 874 aliquid
1229 795 1425 877 hujusmodi.
1449 799 1489 860 Et
1515 801 1592 880 quia
1610 802 1870 884 dispensationes

232 881 414 943 Admonens
430 893 466 939 rr.
485 909 524 922 -—
537 873 650 958 Utrdm
661 873 697 936 in
711 872 942 954 dispensatione
954 873 1028 952 rpi-
1080 875 1299 954 spiritualium
1320 875 1530 959 principalius
1546 880 1739 946 ordinantur
1751 884 1791 948 ad
1806 885 1874 947 uti-

272 959 437 1022 rituotiom
458 957 560 1020 locum
579 953 687 1017 bobeot
707 970 914 1036 personarum
933 969 1028 1014 oece-
1078 953 1202 1017 litatem
1221 973 1447 1033 communem,
1466 957 1642 1023 secundbm
1668 965 1745 1026 illud
1764 965 1870 1028 teor.

1081 1033 1163 1108 12⁵1
1180 1055 1187 1096 :
1204 1035 1380 1120 Unicuique
1396 1035 1492 1100 datur
1511 1041 1722 1122 manifestatio
1738 1043 1874 1125 spiritrir

272 1120 321 1182 Ad
346 1117 522 1181 secundnm
550 1117 596 1179 sio
619 1113 812 1195 proceditur.
839 1114 869 1174 1.
894 1111 1027 1174 Videtur
1080 1114 1120 1176 od
1134 1114 1322 1188 utilitatem,
1340 1117 1411 1181 ided
1426 1119 1622 1199 quandoque
1639 1124 1763 1202 absque
1778 1139 1873 1187 acco-

234 1200 320 1282 qudd
349 1199 383 1259 in
408 1197 647 1278 dispensatione
674 1193 892 1274 spiritualium
920 1193 1027 1254 locum
1079 1195 1190 1274 ptione
1211 1213 1426 1276 personarum
1452 1199 1484 1258 in
1508 1199 1748 1279 dispensatione
1773 1203 1874 1283 spiri-

233 1298 301 1344 uou
324 1279 441 1342 babeat
457 1293 672 1356 personarum
693 1276 847 1353 acceptio.
873 1271 1027 1336 conterre
1079 1275 1216 1337 tualium
1230 1277 1276 1338 illi
1291 1277 1347 1356 qui
1365 1279 1441 1340 sunt
1453 1278 1641 1358 simpliciter
1655 1277 1760 1346 minsis
1774 1282 1874 1354 boni,

234 1361 322 1424 enim
349 1357 534 1438 dignitatem
556 1354 807 1418 ecclesiasticam
829 1370 887 1416 seu
904 1351 1028 1414 beneti-
1078 1353 1268 1419 melioribus
1284 1355 1513 1450 preferuntur,
1533 1359 1616 1422 sicut
1632 1362 1727 1424 ctiam
1741 1366 1772 1423 et
1786 1361 1874 1424 Deus

233 1440 320 1504 cium
338 1437 434 1502 alicui
449 1441 580 1518 proptor
596 1433 921 1514 consanguinitatem,
935 1431 1028 1494 vide-
1079 1435 1199 1515 gratias
1215 1441 1316 1528 gratis
1331 1436 1422 1500 datas
1436 1437 1632 1519 quandoque
1653 1442 1797 1504 concedit
1815 1439 1877 1504 mi·

233 1524 289 1584 tur
306 1518 346 1582 ad
367 1517 587 1598 acceptionem
610 1529 823 1594 personarum
848 1513 1025 1593 pertinere,
1078 1511 1140 1576 nds
1154 1515 1259 1578 bonis.

234 1599 313 1681 quia
336 1595 601 1677 consanguinitas
626 1611 692 1688 non
715 1597 764 1688 est
784 1609 883 1658 causa
906 1591 1026 1686 iaciens
1120 1594 1167 1656 dd
1183 1595 1323 1688 primum
1332 1613 1409 1678 ergo
1420 1595 1589 1660 dicendum
1628 1598 1692 1661 ndd
1706 1601 1878 1665 circaeon·

234 1678 398 1742 bominem
410 1675 543 1758 dignum
555 1675 772 1738 ecclesiastico
785 1671 954 1735 beneficio.
967 1671 1029 1733 Sed
1080 1691 1277 1754 sanguineos
1287 1619 1734 1756 prelatidistingueniumest
1746 1700 1753 1740 r
1767 1698 1873 1759 quan·

235 1759 298 1824 boc
313 1775 379 1820 non
391 1755 516 1819 videtur
529 1773 600 1817 esse
617 1757 783 1833 peccatum
800 1773 807 1812 :
825 1749 898 1814 cbm
912 1751 974 1812 boc
986 1769 1028 1814 cx
1079 1754 1185 1833 doque
1198 1755 1284 1818 enim
1298 1760 1374 1818 sunt
1387 1754 1494 1820 minus
1511 1755 1598 1838 digni
1619 1762 1649 1820 et
1666 1759 1876 1839 simpliciter,

235 1835 470 1904 cousuetudine
487 1833 609 1915 prolati
628 1831 778 1896 Ecclesia
796 1831 926 1894 iaciant.
942 1829 986 1894 Er
1008 1847 1028 1891 o
1081 1838 1112 1895 et
1122 1835 1568 1997 Χιθέτῃξὲιεριξὲἑιὲῗιωῗθτὲἓῗθθι
1584 1855 1773 1978 cttsmmuutm
1790 1839 1877 1903 etsie

1251 1935 1261 1976 ι
1411 1934 1428 1977 θ
1505 1935 1556 1990 ur,
1567 1934 1602 1981 es
1626 1936 1723 1998 pecca
1740 1938 1793 1982 um
1804 1937 1877 1998 per·

234 1923 402 2062 fficcatnm
416 1929 632 1996 personarum
646 1911 841 1992 acceptionis
860 1926 926 1972 non
941 1911 973 1972 ri
996 1930 1029 1973 e·
1081 1913 1108 1976 si

303 1998 411 2060 locum
428 1995 547 2059 babere
566 1994 600 2056 iu
617 1991 858 2074 dispensatione
877 1991 1029 2070 spiritua-

235 2079 327 2141 lium.

275 2157 307 2218 2.
322 2159 495 2230 Proterea,
511 2153 662 2234 prolerre
678 2151 808 2216 divitem
831 2150 964 2231 pauperi
980 2149 1031 2212 vi-

236 2235 379 2301 deturad
394 2235 610 2316 acceptionem
627 2249 841 2314 personarum
856 2230 1029 2310 pertinere,

236 2321 273 2380 ut
283 2320 368 2396 patet
379 2313 517 2378 iacobi.
531 2313 590 2376 Sed
606 2311 731 2376 iaciliirs
741 2311 947 2390 dispensatur
957 2327 1032 2372 cum

237 2397 388 2460 divitibus
403 2399 434 2458 et
467 2395 642 2466 otentibus,
658 2391 744 2473 qudd
760 2391 793 2453 in
808 2388 909 2470 gradu
922 2387 1032 2469 probi·

237 2476 305 2540 bito
329 2413 522 2538 contraiiaut
546 2473 808 2542 matrimonium,
834 2466 933 2548 qudm
949 2486 1032 2562 'cum

238 2557 324 2620 aliis.
339 2553 424 2636 Ergo
435 2557 602 2634 peccatum
613 2567 826 2632 personarum
835 2552 1031 2642 acceptionis

238 2653 305 2699 non
317 2633 444 2698 ridetur
459 2632 566 2695 locum
582 2632 701 2694 babere
716 2630 801 2692 circa
816 2629 1034 2708 dispensatio-

237 2733 311 2778 nem
324 2711 552 2794 spiritualium.

277 2793 307 2856 3.
329 2795 478 2866 Praetera,
503 2787 681 2854 secunddm
699 2787 795 2870 jura,
819 2787 854 2848 in
868 2779 986 2852 Glossd
999 2787 1032 2848 in

238 2891 309 2953 cap.
325 2874 459 2945 Custos,
473 2869 512 2932 dc
524 2869 637 2932 Ollicio
657 2867 817 2941 custodis,
836 2865 953 2930 scilicit
975 2866 1034 2930 eli·

237 2955 455 3036 gercbonum,
471 2967 537 3011 non
552 2952 660 3011 autem
675 2947 852 3028 requiritur
866 2945 953 3025 quod
970 2947 1035 3010 ali-

237 3034 310 3114 quis
343 3031 440 3114 eligat
475 3029 652 3092 meliorem.
685 3027 744 3092 Sed
780 3026 899 3109 eligere
925 3024 1032 3090 minor

240 3113 362 3176 bonum
375 3111 415 3173 sd
433 3108 554 3188 uliquid
570 3108 689 3180 altius,
718 3106 849 3170 videtur
871 3105 912 3170 ad
933 3123 1033 3170 acce-

238 3192 381 3272 ptionem
393 3205 608 3271 personarum
622 3187 799 3267 pertinere.
813 3187 900 3266 Ergo
913 3203 1034 3266 perso-

238 3283 356 3334 narum
370 3269 515 3350 acceptio
536 3285 602 3330 uon
617 3270 666 3330 θεῖ
680 3269 849 3348 peccatum
878 3265 914 3328 in
934 3265 1035 3345 spiri-

237 3351 393 3414 tualibus.

278 3429 308 3491 i.
336 3431 505 3503 Praeterea,
528 3424 703 3490 secundnm
726 3428 846 3488 statuta
858 3423 1029 3499 Ecclesiae,

241 3505 551 3590 condimentorum
570 3505 608 3568 de
620 3505 806 3579 Electionc,
824 3507 899 3576 etc,
913 3504 1034 3584 eligen-

240 3588 300 3652 dus
323 3591 372 3652 est
385 3587 502 3668 aliquis
522 3585 560 3648 de
576 3583 698 3666 gremio
710 3583 873 3646 Ecclesiae.
889 3583 950 3646 Sed
973 3584 1035 3646 boc

240 3669 367 3733 videtur
388 3668 428 3762 ad
451 3665 670 3744 acceptionem
691 3680 905 3756 personarum
932 3663 1036 3758 per-ti-¹

239 3741 1035 3916 nttsrttttiltttttntitttitttttltt

239 3911 289 3971 est
303 3911 469 3987 peceatum
488 3905 522 3966 in
538 3904 773 3983 spiritualibus.

279 3987 340 4050 Sed
365 3989 478 4048 contra
499 3987 548 4046 est
570 3983 657 4064 quod
683 3983 800 4045 dicitur
818 3981 930 4046 iacobi
944 3981 975 4055 ἓ,
990 3984 1034 4045 1ε

238 4067 350 4130 Nolite
361 4067 397 4128 in
402 4081 610 4146 personarum
623 4063 804 4142 acceptione
816 4059 925 4124 babere
946 4061 1036 4142 fidon

238 4145 369 4210 Domini
391 4143 495 4206 nostri
507 4144 585 4208 Iesu
598 4141 736 4216 Christis
759 4143 815 4204 ubi
829 4142 905 4205 dicit
920 4143 1036 4206 Glossa

1081 2009 1237 2056 sonarum
1252 1994 1447 2073 acceptionis
1464 1995 1497 2056 in
1512 1996 1753 2077 dispensatione
1779 1997 1879 2078 spiri-

1081 2073 1235 2146 tualium;
1246 2090 1387 2154 quorum
1401 2076 1551 2154 prolatus
1563 2079 1799 2142 ecclesiasticus
1808 2095 1876 2140 non

1082 2151 1302 2228 estdominus,
1317 2157 1354 2216 ut
1370 2155 1472 2234 possit
1483 2173 1523 2217 ea
1539 2157 1615 2219 dare
1629 2176 1688 2237 pro
1700 2159 1802 2230 libito,
1821 2155 1879 2218 sed

1082 2230 1297 2312 dispensator,
1312 2231 1490 2298 secundum
1505 2235 1612 2298 illudi
1629 2238 1669 2301 ad
1684 2237 1757 2300 Cor.
1775 2235 1813 2311 i,
1830 2236 1847 2297 1
1867 2255 1875 2296 r

1082 2309 1138 2374 Sic
1154 2331 1212 2374 nos
1227 2313 1381 2376 existimet
1401 2313 1493 2376 boote
1512 2322 1548 2376 ot
1566 2317 1728 2378 ministros
1742 2314 1877 2384 coristi.

1083 2398 1113 2452 et
1139 2391 1368 2472 dispensatores
1386 2395 1605 2474 mysteriorum
1631 2397 1699 2458 Dri.
1726 2394 1879 2472 Quando-

1083 2487 1147 2550 que
1172 2471 1249 2534 vcrd
1269 2474 1502 2550 consanguinei
1529 2476 1649 2554 prolati
1669 2474 1879 2539 ecclesiastici

1084 2554 1161 2612 sunt
1181 2551 1273 2630 mque
1294 2551 1381 2632 digni
1408 2557 1442 2614 ut
1464 2553 1519 2616 alii
1534 2573 1541 2606 τ
1557 2559 1588 2616 θῖ
1602 2557 1648 2616 sic
1670 2555 1755 2616 licitd
1775 2557 1881 2634 potest

1084 2629 1208 2709 absque
1235 2647 1448 2710 personarum
1473 2633 1657 2726 acceptione
1679 2651 1800 2697 consan
1825 2633 1880 2698 ui·

1083 2725 1163 2771 neos
1194 2727 1270 2772 suos
1302 2711 1473 2790 prolerre;
1502 2729 1581 2791 qum
1606 2713 1720 2776 saltem
1753 2713 1786 2775 in
1837 2728 1878 2776 oc

1083 2791 1296 2867 praeeminent
1316 2791 1403 2871 qudd
1423 2791 1461 2854 de
1486 2790 1564 2870 ipsis
1589 2793 1691 2872 magis
1717 2791 1886 2866 confidere,

1085 2873 1201 2946 potest,
1219 2875 1254 2932 nt
1267 2871 1466 2933 unanimiter
1480 2889 1589 2933 secum
1612 2875 1742 2952 nogotia
1766 2870 1881 2933 Εθθῖθι-

1086 2949 1142 3010 siu
1153 2953 1298 3014 tractent.
1311 2949 1405 3014 Esset
1416 2957 1523 3014 tamen
1534 2951 1594 3014 boc
1606 2956 1737 3032 propter
1749 2949 1882 3016 scanda-

1084 3025 1153 3091 lum
1165 3026 1401 3106 dimittendum,
1415 3031 1442 3094 si
1456 3031 1677 3110 exbocaliqui
1693 3049 1786 3094 ouem
1810 3030 1881 3092 lum

1085 3114 1270 3184 sumerent,
1297 3110 1393 3174 etiam
1415 3114 1530 3190 proter
1553 3111 1762 3252 dignitatem,
1789 3049 1881 3176 iona

1083 3185 1235 3252 Ecclesia
1250 3191 1500 3271 consanguineis
1515 3191 1578 3254 dan
1600 3193 1621 3254 i.

1125 3267 1172 3330 ad
1187 3268 1365 3331 secundum
1382 3269 1552 3332 dicendum
1572 3271 1659 3350 qudd
1680 3271 1728 3334 dis
1753 3272 1880 3334 cusatio

1085 3348 1283 3410 matrimonii
1316 3348 1527 3412 contrahendi
1558 3351 1662 3428 princi
1686 3351 1729 3414 ali
1764 3368 1781 3413 r
1808 3347 1904 3413 lierl'

1085 3427 1255 3489 consucvit
1271 3435 1404 3507 propter
1416 3427 1518 3491 ludus
1538 3430 1626 3508 pacis
1676 3428 1846 3492 rmandum
1870 3447 1879 3488 r

1085 3504 1325 3585 quodquidam
1347 3508 1449 3588 magis
1473 3511 1522 3568 θεῖ
1543 3509 1763 3572 necessarium
1786 3525 1882 3570 com·-

1085 3585 1177 3646 muni
1200 3585 1331 3650 utilitati
1357 3587 1442 3650 circa
1474 3603 1631 3680 personas
1663 3586 1879 3662 excellentem

1087 3667 1118 3726 et
1141 3663 1213 3727 ided
1234 3683 1308 3728 cum
1329 3665 1375 3760 eis
1397 3663 1523 3762 iacibds
1537 3667 1742 3746 dispensatur
1755 3669 1880 3746 absquo

1086 3748 1882 3908 ”ttttttttttttttttdttt,tnnm

1086 3903 1174 3985 qnod
1197 3905 1309 3968 electio
1333 3904 1516 3987 impugnari
1541 3921 1606 3968 uon
1630 3907 1732 3986 possit
1757 3905 1791 3968 in
1810 3904 1882 3967 loro

1085 3983 1666 4144 ttttitbstittdimitite
1681 3987 1883 4144 iiiii‘i'ii}

1088 4148 1137 4206 εθῖ
1149 4143 1269 4206 babere
1280 4083 1493 4219 calumniam
1507 4145 1562 4208 sed
1581 4143 1739 4226 quantrim
1751 4144 1791 4208 ad
1804 4161 1882 4208 con·

239 4223 412 4309 Augustini
426 4222 552 4304 [interl.
570 4232 603 4284 et
624 4221 706 4296 ord,
725 4240 766 4286 ex
787 4223 879 4301 epist.
898 4221 974 4294 lod,
991 4221 1034 4286 al.
1088 4222 1254 4287 seientiam
1272 4225 1440 4304 eligentis,
1457 4242 1588 4288 necesse
1603 4230 1651 4288 θεῖ
1670 4227 1790 4306 eligere
1805 4243 1883 4288 me-

238 4305 290 4382 29,
306 4305 345 4368 ad
366 4303 469 4376 Hier„
483 4303 567 4365 intcr
581 4300 664 4362 med.
683 4304 715 4363 et
730 4301 807 4381 fin.)
826 4321 834 4361 ε
851 4301 929 4378 Quis
924 4303 1034 4444 ἔθνει,
1088 4301 1202 4364 liorem
1217 4303 1268 4366 rel
1283 4303 1489 4384 simpliciter,
1507 4304 1556 4366 rel
1579 4304 1612 4364 in
1638 4303 1882 4384 comparatione

238 4385 347 4468 siquis
365 4381 492 4447 divitem
507 4382 601 4462 etiqot
617 4381 768 4448 adsedem
781 4379 911 4443 bonorto
959 4379 1037 4442 cole·
1088 4380 1129 4444 ad
1148 4383 1270 4444 bonum
1290 4399 1460 4446 commune
1474 4402 1482 4442 ε
1497 4383 1576 4461 quia
1593 4383 1620 4444 si
1646 4387 1751 4463 potest
1766 4383 1882 4448 baberi

238 4463 311 4535 sioe,
337 4469 513 4544 contempto
534 4477 674 4542 paupere
692 4459 900 4524 instructiore
917 4468 945 4522 et
964 4477 1037 4522 san·
1089 4461 1207 4540 aliquis
1224 4461 1327 4541 magis
1343 4461 1477 4524 idoneus
1495 4480 1573 4542 erga
1587 4462 1730 4541 aliquam
1742 4463 1881 4602 dignita·

238 4541 360 4608 erton?
1088 4543 1153 4600 tom
1167 4583 1175 4614 ,
1189 4544 1221 4601 et
1237 4539 1320 4622 alius
1336 4539 1546 4618 proteratur,
1567 4547 1694 4622 oportet
1708 4541 1773 4622 qud
1819 4542 1882 4606 boc

277 4621 469 4702 Respondeo
490 4619 661 4684 dicendum
682 4617 789 4699 qudd,
810 4617 894 4682 sicut
915 4617 1036 4682 dictum
1089 4619 1131 4680 sit
1158 4623 1290 4698 propter
1308 4619 1451 4700 aliquam
1467 4637 1619 4696 causam;
1645 4639 1718 4700 quos
1748 4621 1882 4702 quidem

238 4707 288 4768 est
304 4709 366 4768 art.
382 4719 490 4784 proso,
504 4699 648 4779 acceptio
669 4715 884 4778 personarum
896 4703 944 4760 est
959 4716 1037 4792 pec·
1089 4697 1116 4760 si
1139 4697 1299 4777 pertineat
1319 4699 1359 4761 ad
1383 4699 1564 4780 negotium,
1585 4699 1744 4779 quantum
1760 4702 1801 4764 ad
1819 4701 1883 4766 boc

238 4789 368 4856 catum,
395 4783 429 4844 in
455 4783 614 4861 quantum
639 4778 858 4840 contrariatur
887 4777 1033 4858 iustitiis.
1088 4777 1218 4840 eritillc
1232 4779 1288 4872 qui
1310 4778 1440 4860 eligitur
1458 4780 1560 4861 magis
1586 4782 1738 4856 idoneus3
1759 4781 1881 4844 sivero

238 4863 367 4940 anntd
380 4866 490 4926 autem
503 4859 537 4921 iu
552 4857 729 4938 majoribus
744 4857 861 4935 aliquis
876 4855 1036 4936 justitiam
1088 4875 1155 4920 non
1170 4860 1330 4937 pertineat
1349 4857 1389 4922 ad
1404 4859 1581 4938 negotium,
1594 4861 1623 4920 id
1634 4861 1720 4942 quod
1733 4861 1884 4926 conside-

239 4943 495 5024 transgreditnr,
523 4937 614 5002 tantd
635 4933 766 5018 gravius
800 4939 922 5016 peccat.
946 4935 1036 4999 Unde
1088 4943 1180 5000 ratur
1193 4941 1227 4998 ut
1244 4953 1364 5014 causa,
1379 4937 1441 5001 erit
1458 4938 1625 5003 manifesto
1642 4942 1786 5020 acceptio
1801 4958 1882 5022 pcr-

240 5019 314 5084 cirm
341 5019 523 5103 spiritualia
546 5018 611 5082 sint
635 5015 867 5095 temporalibus
892 5015 1034 5108 potiora,
1088 5033 1187 5080 sonte.
1363 5023 1373 5042 ⁰

1128 5095 1176 5158 dd
1203 5100 1355 5177 quartum
1383 5097 1553 5162 dicendum
1574 5099 1660 5180 qubd
1684 5101 1738 5163 ille
1761 5099 1817 5179 qui
1843 5097 1882 5162 do

260 5182 478 5262 ispeusatione
495 5175 712 5258 spiritualium
733 5171 833 5254 quim
851 5176 886 5237 in
908 5175 1036 5254 dispeu·
1088 5175 1211 5258 gremio
1233 5177 1384 5240 Ecclesito
1404 5179 1599 5254 assumitur,
1617 5185 1654 5241 ut
1675 5179 1708 5242 in
1734 5176 1882 5259 pluribus

239 5264 365 5326 satione
394 5257 631 5340 temporalium.
658 5255 698 5316 Et
716 5255 794 5336 quia
818 5272 1035 5336 personarum
1067 5249 1256 5318 ‘consuevit
1281 5275 1352 5318 esse
1378 5259 1488 5320 utilior
1513 5257 1672 5339 quantum
1694 5259 1735 5322 ad
1761 5259 1883 5320 bonum

238 5343 382 5422 acceptio
396 5345 444 5404 est
459 5337 531 5402 crim
544 5333 666 5416 aliquid
680 5352 828 5414 persono
848 5335 1036 5400 attribuitur
1088 5353 1271 5410 commune,
1297 5337 1376 5428 quia
1400 5337 1504 5418 magis
1526 5337 1629 5418 diligit
1647 5337 1824 5401 Ecclesiam
1849 5337 1883 5398 in

261 5428 356 5486 ructor
371 5419 612 5502 proportionem
624 5415 788 5508 dignitatis
799 5415 913 5508 ipsius,
930 5415 1034 5477 consi·
1087 5413 1154 5556 gud
1167 5419 1215 5478 cst
1229 5416 1367 5498 nutritus
1385 5435 1393 5474 s
1410 5421 1441 5479 et
1449 5422 1584 5558 gropter
1596 5417 1659 5479 hoc
1670 5418 1768 5480 etiam
1783 5433 1884 5508 mau-

239 5438 353 5564 Rerare
378 5503 504 5580 oportet
525 5493 613 5576 quod
633 5494 773 5574 dignitas
794 5495 933 5576 alicujus
953 5512 1035 5573 per-
1109 5498 1184 5558 atur
1198 5494 1328 5557 Denter.
1350 5496 1407 5569 17,
1430 5497 1444 5557 i
1484 5497 1588 5560 :Non
1603 5497 1727 5578 poteris
1750 5495 1883 5558 ulterior
1910 5531 1917 5584 4

238 5597 328 5644 sones
347 5582 453 5661 potest
479 5574 600 5642 attendi
625 5573 798 5653 dupliciter
821 5591 911 5635 :uno
939 5572 1033 5635 modo
1087 5575 1189 5655 pentir
1208 5573 1361 5638 bominem
1373 5576 1474 5658 [orere
1485 5592 1597 5657 regern,
1615 5576 1671 5660 qni
1683 5594 1750 5639 noo
1764 5575 1806 5638 sit
1816 5575 1884 5658 sru-

239 5659 428 5740 simpliciter
441 5651 656 5721 etsecundirm
672 5671 718 5729 se,
729 5658 761 5716 et
773 5653 820 5716 sic
833 5651 965 5748 majoris
982 5654 1034 5714 di·
1081 5655 1135 5716 'ter
1147 5662 1231 5718 tmes.

160 5753 171 5762 ’
237 5742 369 5888 iiiii}is
384 5733 923 5892 ⁰⁸‘iiiiiii³il0³i¹iiiiii
936 5732 1035 5874 tii·
1088 5733 1519 5878 *ttitttitnittt
1532 5735 1884 5882 mttttttttt·

310 5842 381 5886 rus
421 5839 437 5884 r
472 5841 480 5884 ι
590 5838 635 5880 r·
1007 5847 1031 5860 -
1734 5839 1790 5882 oo
1866 5849 1883 5864 ·

237 5842 440 5984 perationein
461 5901 501 5964 ad
524 5861 646 5961 bonum
667 5911 837 5958 commune
853 5913 862 5964 t
877 5893 986 5956 contin
1009 5893 1034 5954 it
1127 5895 1283 5973 coptiom's
1304 5910 1524 5976 personarum.
1552 5931 1591 5944 -
1618 5895 1629 5974 l
1665 5897 1787 5968 oodtib.
1820 5899 1883 5974 tt),¹

231 5983 326 6084 ⁸enim
351 5980 546 6066 quandoque
573 5975 662 6060 quod
685 5971 741 6040 ille
763 5973 821 6056 qui
846 5971 987 6040 est-min
1067 6059 1071 6066 Ι
1128 5971 1264 6052 croti)
1631 6019 1633 6024 ,

278 5103 370 5166 arius
396 5103 564 5182 peccatum
585 5101 635 5161 est
657 5111 813 5176 personas
833 5112 979 5174 accipere
1000 5095 1035 5158 in
