4056 6340
184 357 254 426 lasti
610 359 747 432 QUAEST.
761 357 899 418 (dxxiv.
919 357 965 415 ou
985 355 1157 418 calistonis
1178 357 1383 418 PROPllETlAE
1746 359 1813 422 iata

182 477 371 571 hierarch,
406 474 501 571 ardui
517 479 592 538 ante
605 473 706 567 med,
720 473 805 566 qudd
821 473 973 566 ‘impqesi-
1055 473 1259 568 ,aeteruum
1270 472 1448 567 ¹dicendum
1472 473 1557 567 qudd
1573 474 1651 538 nihil
1666 477 1814 556 prohibet

183 557 244 621 hile
268 564 310 619 est
330 575 379 648 'oo
400 575 428 618 is
455 555 647 634 superlucere
669 553 809 646 demeum
826 551 971 644 rodem,
1023 550 1144 646 aliquid
1164 571 1237 614 esse
1251 554 1438 646 simpliciter
1458 557 1589 646 melius,
1606 555 1813 648 quodtanien

182 637 248 698 uisi
267 643 416 697 venciate
430 651 590 696 sacrorum
604 631 787 695 velaminum
802 648 974 723 circumor-
1023 621 1130 694 minds
1148 630 1289 724 ¹proprie
1310 636 1424 724 recipit
1450 631 1586 724 alicuius
1609 635 1814 712 praedicatio-

183 715 290 808 lotuni.
314 713 374 777 Sed
394 713 595 852 prophetipla·
616 707 823 852 rfivelatioddtt
838 728 893 789 per
906 729 972 851 mg}
1023 727 1113 804 iiomq
1129 716 1212 804 sicut
1224 712 1364 790 cognitio
1378 713 1701 807 patrioestnobili'or
1712 714 1812 810 quam

181 810 368 964 itata
382 807 866 949 ,eliminante
883 808 971 932 itt.
1022 793 1813 964 itiner,vaticinationemic:

181 889 334 1012 mimhus.
1021 951 1128 1024 portat
1147 948 1416 1027 imperfectionem
1437 956 1638 1030 cognitionis.
1660 951 1812 1013 Similiter

221 1028 282 1092 Sed
298 1032 411 1092 contra
423 1033 471 1091 est
482 1026 568 1170 «pund
586 989 699 1090 Glossa
713 1027 789 1089 dicit
801 1026 834 1086 in
849 1025 972 1104 princi·
1022 1029 1129 1087 autem
1138 1026 1305 1104 prophetia
1322 1027 1472 1107 importat
1484 1027 1655 1105 quamdam
1666 1031 1811 1093 obscuri-

180 1108 235 1187 pio
255 1107 419 1182 Psalterii,
440 1125 486 1187 qu
508 1106 594 1169 dille
609 1105 719 1168 modus
733 1104 906 1185 propitatio
922 1103 971 1167 di·
1021 1108 1118 1165 tatom
1133 1109 1163 1166 et
1176 1105 1386 1168 remotionem
1397 1108 1438 1168 ab
1451 1107 1643 1188 intelligibili
1654 1110 1809 1173 veritates

179 1186 276 1266 peior
290 1194 332 1248 est
348 1187 465 1248 coieris
478 1231 486 1254 ,
500 1184 624 1267 quoodo
642 1185 760 1247 scilicet
774 1203 812 1246 cr
823 1182 890 1244 sold
903 1183 973 1263 Spi·
1021 1186 1053 1243 et
1066 1182 1135 1244 ided
1151 1183 1252 1276 magis
1267 1185 1395 1277 proprie
1412 1185 1562 1248 dicuntur
1575 1189 1738 1267 prophetie
1753 1189 1811 1268 qui
1882 1253 1883 1258 ,

74 1319 80 1330 .
179 1265 263 1327 ritits
285 1265 388 1327 sancti
410 1265 634 1346 inspiratione,
652 1271 768 1325 remoto
783 1263 867 1324 omni
888 1271 971 1322 erte·
1020 1261 1128 1324 vident
1147 1279 1205 1340 per
1226 1279 1446 1343 imaginariam
1468 1265 1640 1339 visionem;
1661 1269 1809 1345 quamvis

158 1403 160 1406 .
180 1345 264 1407 riori
274 1344 464 1406 adminicuto
493 1345 572 1412 acti,
587 1342 633 1406 ccl
646 1343 744 1411 dicti,
757 1340 804 1405 oei
817 1340 948 1404 chionis
960 1385 969 1418 ,
1021 1339 1076 1403 illa
1097 1335 1267 1420 prophetia
1289 1339 1331 1420 sit
1353 1339 1491 1404 nobilior
1511 1335 1583 1422 qum
1605 1350 1653 1406 est
1673 1363 1730 1425 per
1753 1347 1810 1408 iii-

179 1423 227 1484 oel
243 1424 373 1492 semoti,
392 1440 474 1503 prop
497 1431 609 1484 statur.
1021 1419 1233 1482 tellectualem
1249 1421 1422 1493 visioncm;
1448 1422 1617 1486 dummodd
1642 1429 1748 1488 tamen
1770 1425 1811 1489 sit

218 1502 406 1580 Respondoo
422 1498 590 1563 dicendum
607 1499 693 1578 qudd
705 1498 841 1579 dignitas
857 1513 970 1560 eorum
1020 1498 1130 1559 eadem
1154 1499 1271 1561 veritas
1297 1497 1468 1578 utrobique
1495 1504 1647 1564 revelata.
1676 1503 1707 1564 Si
1732 1505 1810 1566 verb

179 1585 345 1658 quaesunt
365 1580 405 1641 ad
426 1580 541 1655 linem,
565 1573 724 1658 precipue
750 1578 971 1640 consideratur
1019 1575 1130 1640 lumen
1157 1577 1372 1641 intellectuale
1397 1577 1492 1640 alicui
1518 1579 1669 1642 diiinltds
1699 1582 1811 1644 inlun-

177 1677 219 1720 eii
238 1659 312 1722 fiae.
331 1659 419 1720 Finis
438 1663 545 1720 autem
567 1657 741 1736 prophetiae
761 1661 809 1718 est
828 1655 970 1718 maniie-
1019 1655 1129 1730 datur,
1146 1673 1210 1717 non
1231 1655 1271 1718 ad
1290 1659 1546 1748 cognoscendum
1565 1659 1675 1737 aliqua
1693 1679 1811 1740 super-

177 1738 275 1800 statio
297 1737 433 1800 alicu'us
450 1737 591 1798 veritatis
607 1754 705 1815 supra
722 1735 883 1797 hominem
897 1735 970 1796 exi·
1020 1735 1200 1807 naturalia,
1214 1734 1268 1796 sed
1283 1734 1321 1796 ad
1332 1735 1538 1816 judicandum
1552 1735 1725 1800 secunddm
1740 1759 1810 1820 cere

177 1817 302 1878 stantis.
318 1757 405 1878 Unde
418 1816 540 1894 qiiantb
554 1814 737 1894 hujusmodi
756 1813 969 1876 manifestatio
1019 1811 1186 1875 titudinem
1209 1814 1351 1876 veritatis
1375 1814 1493 1877 divinoe
1513 1833 1552 1878 ea
1573 1834 1645 1894 quae
1664 1817 1809 1884 humand

179 1899 228 1956 est
247 1895 361 1974 potior,
384 1895 473 1957 tautd
490 1894 657 1974 prophetia
674 1898 723 1956 est
743 1893 879 1972 dignior.
897 1893 968 1956 bla—
1018 1892 1143 1954 ratione
1158 1911 1195 1954 co
1219 1893 1307 1954 nosci
1323 1899 1474 1971 possunt,
1491 1895 1536 1956 sic
1550 1896 1622 1956 talis
1640 1897 1809 1977 prophetia

177 1973 327 2036 nilestum
343 1978 390 2036 est
405 1979 511 2035 autem
525 1973 611 2052 qudd
623 1971 837 2034 manifestatio
852 1971 968 2036 divine
1019 1969 1182 2035 intellectu
1217 1971 1243 2033 is
1269 1977 1316 2032 est
1344 1971 1426 2036 inira
1452 1973 1540 2036 illam
1569 1991 1641 2052 qum
1664 1981 1711 2038 est
1733 1994 1808 2038 cum

177 2052 320 2115 veritatis
333 2052 450 2131 quent
462 2071 519 2131 per
534 2050 651 2113 nudam
667 2051 967 2130 contemplationem
1018 2048 1210 2130 imaginaria
1225 2049 1348 2112 visione
1372 2049 1507 2114 ducente
1526 2051 1558 2112 ln
1577 2061 1808 2131 supernatura-

176 2131 279 2210 ipsius
296 2132 460 2205 veritatis,
479 2131 584 2210 potior
602 2134 651 2192 est
667 2129 765 2208 quam
780 2129 836 2193 illa
850 2129 969 2209 quaesit
1017 2128 1080 2190 lem
1100 2128 1266 2193 veritatem
1286 2149 1294 2188 ε
1319 2128 1495 2208 cujusmodi
1522 2133 1723 2210 prophetiam
1746 2137 1809 2200 hass

177 2209 239 2284 sub
254 2209 460 2270 similitudine
474 2209 690 2287 corporalium
712 2226 843 2269 reruni:
865 2209 966 2288 magis
1017 2208 1157 2268 buerunt
1183 2223 1293 2270 omnes
1314 2207 1359 2268 illi
1383 2209 1440 2287 qui
1463 2216 1677 2273 numerantur
1698 2215 1731 2274 in
1751 2231 1809 2275 or-

174 2287 262 2350 onim
280 2289 518 2367 appropinquat
533 2287 574 2350 ad
595 2287 749 2350 visionem
769 2287 899 2366 patrie,
917 2305 967 2349 se·
1016 2285 1090 2348 dine
1105 2288 1356 2366 prophetaruin3
1373 2286 1429 2426 ffiui
1444 2287 1539 2350 etiarn
1554 2307 1595 2377 eir
1610 2290 1670 2352 hoc
1685 2309 1699 2354 s
1723 2293 1808 2356 ecia·

176 2365 316 2428 cundiim
330 2383 427 2459 quam
442 2367 476 2428 in
490 2365 630 2430 essentia
642 2366 698 2428 lici
710 2369 827 2428 veritas
841 2365 967 2444 conspi·
1017 2365 1091 2426 liter
1124 2365 1274 2426 dicuutur
1301 2383 1381 2444 prop
1407 2371 1479 2437 etia,
1512 2383 1590 2445 quia
1619 2311 1807 2449 prophetico

176 2445 269 2522 citur.
287 2447 326 2506 Et
345 2445 418 2508 inde
437 2449 486 2508 est
528 2445 590 2508 uod
610 2446 778 2523 prophetia
793 2463 851 2525 per
868 2463 966 2522 quam
1017 2443 1122 2505 cilicio
1149 2443 1376 2522 iungebantur.
1402 2445 1490 2506 Unde
1512 2463 1553 2504 eii
1601 2448 1719 2512 ersond
1743 2450 1808 2511 Do-

173 2523 287 2602 eliqua
301 2463 556 2602 supernaturallis
573 2525 691 2586 veritas
705 2525 902 2601 conspicitur
916 2541 965 2585 se·
1017 2523 1096 2584 mini
1120 2524 1350 2600 loquebantur,
1379 2523 1517 2586 dicentes
1547 2540 1566 2586 a
1615 2529 1770 2606 populum
1796 2549 1805 2590 ε

173 2601 315 2669 eundum
330 2603 578 2666 intellectualem
590 2603 765 2676 visionem,
781 2609 830 2663 ost
840 2601 967 2681 dignior
1017 2601 1094 2664 Hoc
1113 2601 1190 2663 dicit
1204 2601 1372 2670 Dominus,
1393 2601 1477 2680 quod
1498 2617 1562 2664 non
1580 2602 1738 2668 iaciebant
1759 2607 1805 2670 illi

176 2679 276 2758 quam
295 2681 350 2744 illa
365 2683 397 2741 in
415 2680 480 2760 qud
494 2683 611 2744 veritas
627 2681 882 2759 supernaturalis
900 2699 966 2743 ma·
1016 2682 1072 2757 qui
1102 2681 1143 2742 ha
1167 2679 1323 2760 iographa
1356 2681 1638 2759 conscripserunt3
1666 2702 1806 2763 quorum

176 2760 347 2822 nilestatur
361 2777 419 2856 per
433 2759 670 2853 similitudinem
684 2760 901 2854 corporalium
916 2778 966 2822 re·
1015 2760 1125 2898 plures
1145 2699 1365 2851 loquebantur
1385 2757 1582 2852 irequeptihs
1604 2761 1643 2823 de
1665 2764 1713 2828 his
1733 2783 1807 2843 quio

176 2838 965 2996 ‘lii’hildilidlmiiilillilliliiiinas
1014 2836 1166 2994 ,tati
1185 2844 1323 3009 ,itata
1342 2847 1807 3016 attestatione}

173 2997 364 3070 sublimi0r;
381 2995 463 3058 sicut
475 2997 508 3057 in
521 2995 668 3058 doctrina
683 2995 825 3058 humana
837 2997 966 3060 auditor
1013 2993 1104 3076 prid,
1120 3014 1192 3058 cum
1205 2996 1365 3075 adgutorio
1379 3003 1486 3058 tamen
1500 2997 1600 3060 divini
1615 2999 1757 3066 luminis.

175 3075 354 3136 ostenditur
368 3093 438 3140 esse
459 3074 599 3138 melioris
618 3075 814 3149 intellectds,
834 3075 890 3154 qui
908 3095 966 3138 ve-
1056 3075 1102 3136 hd
1116 3080 1269 3155 quartum
1284 3075 1451 3154 dicendum
1467 3073 1552 3154 qudd
1568 3075 1740 3142 illustratio
1756 3080 1807 3142 di-

174 3153 301 3215 ritatem
324 3153 555 3234 intelligibilem
575 3154 764 3235 dmagistro
785 3155 867 3216 nude
909 3173 966 3216 ro-
1017 3153 1083 3215 vini
1100 3154 1180 3215 radii
1202 3153 1236 3214 in
1250 3153 1314 3216 vitd
1331 3155 1479 3234 presenti
1499 3173 1563 3216 non
1583 3151 1617 3216 tit
1636 3159 1706 3220 sine
1720 3159 1807 3221 vola·

172 3231 272 3294 latam
291 3250 410 3311 capere
430 3238 550 3311 potest,
573 3231 670 3312 qudni
697 3234 749 3296 ille
769 3234 825 3314 qui
846 3174 966 3313 indiget
1015 3233 1154 3293 minibus
1199 3229 1460 3310 phantasmatum
1496 3231 1804 3324 qpaliumcumque‚

173 3311 379 3374 sensibilibus
415 3313 570 3391 exemplis
608 3313 647 3374 ad
683 3312 745 3375 hoc
777 3311 962 3374 manuduci.
1015 3312 1093 3388 quia
1115 3311 1326 3374 connaturale
1344 3311 1719 3375 estbominisecundiiin
1740 3320 1806 3378 sta-

121 3447 130 3460 ,
173 3385 263 3453 Unde
286 3390 319 3451 in
342 3391 650 3454 commendationem
670 3393 846 3471 prophetie
863 3391 964 3453 David
1014 3393 1083 3450 tum
1113 3390 1278 3468 proesentis
1298 3389 1370 3452 vitm
1397 3394 1434 3452 ut
1457 3407 1522 3451 non
1550 3389 1708 3472 intelligat
1735 3394 1806 3456 sine

172 3468 641 3551 cicituraaeg.aa,3:lt1iti
660 3468 784 3532 locutos
803 3478 847 3532 est
867 3469 963 3550 sortis
1014 3469 1248 3547 phantasmate.
1280 3466 1478 3547 Quandoque
1506 3471 1611 3530 tamen
1643 3471 1806 3534 sufficiunt

173 3545 295 3616 Israel:
316 3553 348 3612 et
366 3554 477 3628 postea
502 3548 608 3612 subdit
623 3549 732 3610 :Sicut
745 3549 803 3613 loc
824 3567 961 3628 oerore,
1012 3547 1238 3626 phantasmata
1261 3564 1332 3624 quse
1354 3547 1515 3609 communi
1537 3545 1646 3626 aliquo
1669 3549 1805 3615 modob

174 3627 294 3689 oriente
305 3627 385 3697 sote,
397 3646 484 3690 mone
497 3627 610 3719 absque
621 3627 754 3690 nudibus
768 3627 891 3690 rutilat.
1014 3627 1161 3689 sensibus
1182 3627 1430 3698 abstraho-ntum
1452 3643 1512 3687 nec
1532 3627 1674 3706 exigitur
1694 3629 1805 3707 aliqua

213 3705 261 3768 Ad
284 3707 423 3787 primum
443 3723 520 3786 ergo
539 3705 707 3768 dicendum
726 3706 810 3784 qudd
833 3703 963 3784 quando
1014 3706 1097 3768 visio
1117 3705 1310 3784 imaginaria
1327 3699 1479 3766 divinitus
1494 3712 1687 3782 procurata:
1708 3712 1739 3768 et
1758 3709 1805 3770 sio

172 3785 285 3864 aliqua
310 3785 564 3864 supernaturalis
582 3786 698 3846 veritas
720 3785 890 3860 revelanda
916 3790 964 3847 est
1013 3784 1129 3846 dicitur
1143 3784 1296 3846 revelatio
1318 3782 1505 3862 prophetica
1521 3781 1590 3846 fleri
1605 3783 1673 3846 sine
1691 3787 1805 3866 imagi-

173 3881 233 3943 per
248 3862 470 3926 similitudines
486 3865 690 3942 corporales,
712 3869 789 3926 tunc
800 3863 902 3944 magis
915 3869 964 3926 est
1014 3860 1107 3926 naria
1121 3863 1257 3925 risione.

174 3940 330 4021 propheta
355 3945 409 4023 qui
435 3949 607 4020 utrumque
632 3943 744 4017 habet,
770 3943 890 4004 scilicet
913 3942 963 4004 lu·
1014 3943 1194 4004 Auriouius
1216 3958 1264 4002 iii.
1290 3977 1328 3986 —
1351 3938 1465 4004 Uirdio
1490 3940 1607 4020 gradus
1631 3940 1804 4020 prophetie

173 4037 248 4082 men
272 4022 485 4086 intellectuale
510 4028 542 4081 et
563 4021 785 4101 imaginariam
809 4017 963 4084 visionem
1052 4019 1338 4160 poseiotdisti'opui
1351 4019 1518 4082 secondom
1532 4019 1680 4082 visionem
1696 4023 1805 4101 imagi·

175 4097 426 4181 qndmille'qui
447 4101 699 4166 habet-alterum
721 4097 964 4180 tantdm,·quia
1006 4149 1011 4156 .
1052 4097 1266 4178 nomam-l
1305 4098 1802 4178 arr.1‚qo.12,are.a,aa1,

170 4177 345 4254 perfectior
360 4187 407 4243 est
427 4179 594 4260 prophetia
612 4199 619 4238 ε
636 4183 667 4242 et
680 4179 836 4258 quantiam
848 4180 887 4242 ad
903 4181 963 4241 hoc
1054 4187 1082 4240 et
1096 4178 1135 4252 li,
1151 4179 1225 4240 dist.
1241 4177 1301 4250 id,
1316 4198 1368 4260 qu.
1383 4178 1419 4251 ἢ,
1435 4185 1497 4238 ort.
1512 4177 1544 4252 7,
1562 4177 1603 4239 od
1624 4177 1662 4250 2,
1684 4187 1711 4239 et
1731 4181 1802 4242 l'er.

175 4255 319 4333 loquitur
327 4260 525 4340 Augustinus
533 4263 570 4320 ut
580 4259 756 4338 supra.Sed
768 4259 822 4320 illa
832 4259 964 4340 prophe·
1052 4277 1105 4339 qu.
1124 4255 1180 4332 12,
1196 4264 1257 4319 ort.
1274 4257 1328 4328 13,
1340 4275 1398 4336 per
1414 4263 1519 4326 tot.,et
1539 4264 1600 4316 ort.
1618 4255 1673 4331 lli,
1695 4275 1801 4338 corp..

175 4335 263 4396 tiain
275 4334 341 4412 qud
350 4338 511 4399 revelatur
522 4336 605 4399 nuda
615 4337 962 4417 intelligibilisveritas,
1053 4337 1113 4399 etl
1131 4336 1207 4399 Cor.
1223 4333 1279 4410 ia,
1298 4335 1368 4396 tect.
1383 4333 1434 4472 lup

175 4415 224 4473 est
238 4413 386 4474 omnibus
402 4417 518 4492 potior.
1054 4415 1101 4476 hd
1115 4417 1244 4488 tertium
1259 4415 1305 4476 sic
1318 4431 1414 4491 proce
1438 4413 1511 4473 itur.
1529 4413 1558 4472 l.
1569 4411 1703 4476 Videtur
1716 4411 1804 4494 qudd

214 4490 262 4552 dd
276 4493 452 4554 secundum
465 4491 633 4554 dicendum
648 4493 731 4572 qudd
750 4494 836 4557 aliud
851 4499 898 4556 est
912 4495 963 4575 ju·
1014 4494 1132 4574 gradus
1151 4492 1329 4586 prophetice
1352 4508 1417 4552 non
1438 4490 1563 4568 possint
1582 4491 1734 4574 distingui
1753 4514 1804 4556 se·

174 4566 293 4632 dicium
309 4569 347 4632 dc
361 4570 411 4633 his
426 4577 642 4650 quiapropter
659 4591 693 4634 se
712 4577 918 4650 queruntur,
933 4579 964 4635 et
1013 4569 1153 4634 cundilm
1166 4572 1322 4634 visionem
1334 4569 1568 4650 imaginariam.
1581 4570 1705 4634 Gradus
1717 4574 1804 4636 enim

174 4646 214 4711 de
234 4648 369 4727 hisquae
389 4653 578 4728 quaeruntur
598 4655 728 4728 propter
747 4650 963 4714 aliudlnhis
1014 4650 1151 4731 alicujus
1183 4651 1230 4711 rei
1265 4666 1331 4709 non
1365 4647 1539 4710 attenditur
1566 4648 1741 4712 secundhm
1772 4653 1804 4712 id

175 4727 261 4788 enim
288 4745 361 4806 que
390 4735 519 4808 propter
548 4746 583 4790 se
607 4733 812 4807 quemntur,
841 4729 963 4806 quanto
1014 4729 1100 4808 quod
1126 4733 1176 4792 est
1200 4731 1330 4808 propter
1358 4725 1460 4798 aliud,
1490 4727 1545 4790 sed
1573 4729 1748 4793 secundum
1771 4731 1802 4790 id

174 4805 277 4868 virtus
312 4809 436 4888 agentis
467 4806 506 4870 ad
541 4806 634 4885 plura
665 4812 697 4868 et
722 4809 897 4870 remotiora
928 4826 962 4870 so
1015 4807 1101 4886 quod
1124 4812 1173 4870 est
1201 4810 1331 4886 propter
1357 4823 1402 4868 se.
1432 4805 1470 4868 ln
1498 4806 1666 4900 prophetia
1694 4811 1803 4870 autem

175 4884 333 4960 extendit,
352 4886 441 4949 'tauto
455 4887 561 4967 potior
575 4891 641 4960 est;
664 4886 899 4949 sicutmedicus
913 4907 964 4950 re·
1014 4893 1145 4966 propter
1182 4904 1217 4948 se
1251 4885 1408 4964 queritur
1441 4885 1520 4947 visio
1555 4886 1801 4956 intellectualis,

175 4967 307 5041 putatur
326 4967 442 5028 melior
454 4967 511 5045 qui
531 4965 638 5044 plures
657 4968 760 5044 potest
776 4971 808 5028 et
826 4967 928 5046 magis
941 4965 965 5030 'd
1015 4970 1145 5045 propter
1158 4965 1243 5028 aliud
1261 4969 1367 5027 autem
1382 4963 1463 5026 visio
1479 4964 1689 5102 imapinaria,
1705 4971 1740 5025 ut
1755 4982 1805 5026 su·

174 5042 311 5104 sanitate
330 5045 483 5108 distantes
499 5061 627 5107 sanare.
643 5045 679 5106 ln
701 5045 749 5106 his
765 5049 873 5108 autem
892 5063 965 5123 que
1014 5062 1073 5125 pra
1086 5045 1205 5107 dictum
1217 5049 1275 5119 est,
1286 5050 1347 5106 art.
1362 5061 1469 5122 pree,
1485 5043 1524 5105 ad
1559 5087 1566 5102 .
1582 5043 1666 5136 Ergo
1679 5043 1803 5106 videtur

176 5137 240 5181 non
264 5129 454 5200 quaeruntur
475 5123 537 5186 uisi
559 5129 689 5202 propter
710 5124 817 5199 aliud,
842 5125 965 5203 quanto
1014 5124 1100 5202 qudd
1128 5123 1245 5220 gradus
1271 5122 1446 5201 prophetie
1475 5138 1540 5182 non
1565 5121 1659 5182 distin
1685 5130 1803 5184 uantur

174 5215 273 5339 agbens
297 5207 401 5339 pptest
420 5221 462 5264 ex
479 5203 684 5342 patucitoribus
704 5205 736 5266 et
753 5203 965 5346 Pl⁰ll¹¹l¹¹¹ffi
995 5202 1190 5341 Χεθοιιιιὲικιιη
1203 5203 1429 5342 inpaginpialm
1440 5200 1614 5274 visionem,
1628 5140 1683 5262 sefi
1698 5199 1802 5262 soldm

175 5295 308 5419 ppdppup
331 5299 565 5440 epsipuiplaijiprcpp
579 5298 847 5432 pppmppsrpepiierpt,
862 5287 977 5442 inteiliqgis¹
1016 5299 1275 5434 seael'rielielgaz
1293 5297 1572 5437 iiiiiiiseplrlophetoe
1587 5356 1712 5419 videtur
1732 5375 1804 5420 esse

174 5435 325 5499 laudatur
339 5438 480 5500 medicus
489 5437 547 5516 qui
561 5456 618 5517 per
630 5440 783 5515 pauciora
798 5446 829 5502 et
841 5441 965 5503 leniora
1015 5457 1100 5502 iiiiiis
1116 5440 1233 5519 gradus
1252 5435 1437 5577 prophetie.
1452 5433 1511 5498 Sed
1524 5435 1582 5496 uni
1594 5435 1757 5530 propheto
1770 5435 1806 5497 ht

174 5518 412 5592 potestsanare
430 5516 965 5612 infirmuml'isioautemimagi-
1015 5519 1170 5582 revelatio
1204 5513 1377 5581 secundm
1415 5515 1559 5578 diversas
1596 5514 1803 5594 imaginarias

175 5593 269 5656 naria
287 5593 321 5656 in
342 5595 526 5677 cognitione
542 5595 729 5674 prophetica
744 5614 809 5659 non
825 5597 965 5679 requiri·
1016 5597 1166 5661 visiones.
1181 5597 1265 5676 Ergo
1280 5593 1447 5658 diversitas
1460 5592 1657 5674 imaginarie
1671 5593 1804 5656 visionis

161 5677 230 5733 tur
267 5679 376 5752 ropter
389 5693 441 5749 se,
457 5675 512 5739 sed
529 5691 587 5754 pro
610 5679 659 5737 tei·
677 5675 965 5742 manifestationem
1017 5693 1082 5738 non
1094 5675 1285 5738 diversificat
1298 5671 1415 5754 gradus
1428 5689 1488 5755 pro
1510 5672 1614 5736 heliae.

176 5691 384 5834 intelligibilis
407 5755 563 5819 rerimtis.
589 5694 629 5816 Et
650 5754 721 5818 ided
747 5755 834 5819 tanto
859 5755 965 5834 potior
1055 5755 1085 5816 3.
1101 5757 1275 5818 Promea.
1291 5748 1468 5846 secundum
1487 5691 1633 5845 glossam
1649 5749 1803 5846 (Cassiod.

175 5832 224 5892 ost
239 5831 425 5910 prophetia,
441 5831 680 5913 quantominus
696 5832 733 5897 ed
748 5833 876 5915 indiget.
1017 5851 1088 5914 sup.
1108 5834 1231 5914 prolog.
1249 5833 1382 5896 llieron.
1404 5851 1438 5893 in
1461 5831 1543 5897 Psal.
1556 5833 1578 5911 l,
1601 5849 1634 5892 in
1650 5831 1806 5911 principio

394 5936 527 6000 Sauum.
552 5939 594 6002 lll
1449 5939 1699 6023 (Tsenti-aeosi
