<?xml version="1.0" encoding="UTF-8"?>
<!DOCTYPE html PUBLIC "-//W3C//DTD XHTML 1.0 Transitional//EN"
    "http://www.w3.org/TR/xhtml1/DTD/xhtml1-transitional.dtd">
<html xmlns="http://www.w3.org/1999/xhtml" xml:lang="en" lang="en">
 <head>
  <title>
</title>
<meta http-equiv="Content-Type" content="text/html;charset=utf-8" />
  <meta name='ocr-system' content='tesseract 3.04.00' />
  <meta name='ocr-capabilities' content='ocr_page ocr_carea ocr_par ocr_line ocrx_word'/>
</head>
<body>
  <div class='ocr_page' id='page_1' title='image "./divithomaeaquin01rubegoog_0420.png"; bbox 0 0 4120 6338; ppageno 0'>
   <div class='ocr_carea' id='block_1_1' title="bbox 170 323 1805 422">
    <p class='ocr_par' dir='ltr' id='par_1_1' title="bbox 170 323 1805 422">
     <span class='ocr_line' id='line_1_1' title="bbox 170 323 1805 422; baseline -0.001 -10"><span class='ocrx_word' id='word_1_1' title='bbox 170 349 224 412; x_wconf 78' lang='lat' dir='ltr'><strong>sss</strong></span> <span class='ocrx_word' id='word_1_2' title='bbox 724 323 857 422; x_wconf 74' lang='lat' dir='ltr'><strong>&#39;cuasa</strong></span> <span class='ocrx_word' id='word_1_3' title='bbox 879 349 935 408; x_wconf 81' lang='lat' dir='ltr'><strong>cr.</strong></span> <span class='ocrx_word' id='word_1_4' title='bbox 957 348 1001 406; x_wconf 84' lang='lat' dir='ltr'><strong>os</strong></span> <span class='ocrx_word' id='word_1_5' title='bbox 1020 348 1202 408; x_wconf 76' lang='lat' dir='ltr'><strong>umorem.</strong></span> <span class='ocrx_word' id='word_1_6' title='bbox 1752 355 1805 412; x_wconf 80' lang='lat' dir='ltr'><strong>arc</strong></span> 
     </span>
    </p>
   </div>
   <div class='ocr_carea' id='block_1_2' title="bbox 115 463 1850 5291">
    <p class='ocr_par' dir='ltr' id='par_1_2' title="bbox 115 463 1850 5291">
     <span class='ocr_line' id='line_1_2' title="bbox 168 463 1850 570; baseline -0.001 -33"><span class='ocrx_word' id='word_1_7' title='bbox 168 473 200 538; x_wconf 92' lang='lat' dir='ltr'><strong>id</strong></span> <span class='ocrx_word' id='word_1_8' title='bbox 211 473 298 570; x_wconf 86' lang='lat' dir='ltr'><strong>qnod</strong></span> <span class='ocrx_word' id='word_1_9' title='bbox 309 471 960 552; x_wconf 83' lang='lat' dir='ltr'><strong>nonbnbctinmente.UndePhilosopbns</strong></span> <span class='ocrx_word' id='word_1_10' title='bbox 1014 465 1205 547; x_wconf 89' lang='lat' dir='ltr'><strong>pherni,scd</strong></span> <span class='ocrx_word' id='word_1_11' title='bbox 1220 467 1351 558; x_wconf 82' lang='lat' dir='ltr'><strong>propter</strong></span> <span class='ocrx_word' id='word_1_12' title='bbox 1363 463 1510 529; x_wconf 87' lang='lat' dir='ltr'><strong>allectum</strong></span> <span class='ocrx_word' id='word_1_13' title='bbox 1526 485 1622 547; x_wconf 77' lang='lat' dir='ltr'><strong>quem</strong></span> <span class='ocrx_word' id='word_1_14' title='bbox 1639 470 1751 534; x_wconf 91' lang='lat' dir='ltr'><strong>babuit</strong></span> <span class='ocrx_word' id='word_1_15' title='bbox 1767 476 1806 536; x_wconf 89' lang='lat' dir='ltr'><strong>ad</strong></span> <span class='ocrx_word' id='word_1_16' title='bbox 1848 483 1850 486; x_wconf 82' lang='grc'><strong>’</strong></span> 
     </span>
     <span class='ocr_line' id='line_1_3' title="bbox 167 543 1804 630; baseline -0.001 -14"><span class='ocrx_word' id='word_1_17' title='bbox 167 554 244 616; x_wconf 83' lang='lat' dir='ltr'><strong>dicit</strong></span> <span class='ocrx_word' id='word_1_18' title='bbox 257 555 291 615; x_wconf 91' lang='lat' dir='ltr'><strong>in</strong></span> <span class='ocrx_word' id='word_1_19' title='bbox 308 551 327 613; x_wconf 83' lang='grc'><strong>1</strong></span> <span class='ocrx_word' id='word_1_20' title='bbox 343 554 459 628; x_wconf 78' lang='lat' dir='ltr'><strong>uthis,</strong></span> <span class='ocrx_word' id='word_1_21' title='bbox 475 571 544 630; x_wconf 88' lang='lat' dir='ltr'><strong>cap.</strong></span> <span class='ocrx_word' id='word_1_22' title='bbox 558 553 589 622; x_wconf 80' lang='lat'><strong>7,</strong></span> <span class='ocrx_word' id='word_1_23' title='bbox 609 551 694 630; x_wconf 83' lang='lat' dir='ltr'><strong>qubd</strong></span> <span class='ocrx_word' id='word_1_24' title='bbox 711 551 903 612; x_wconf 72' lang='lat' dir='ltr'><strong><em>mendacium</em></strong></span> <span class='ocrx_word' id='word_1_25' title='bbox 919 559 963 612; x_wconf 83' lang='lat' dir='ltr'><strong>cst</strong></span> <span class='ocrx_word' id='word_1_26' title='bbox 1015 543 1421 626; x_wconf 77' lang='lat' dir='ltr'><strong>salntenrpopulr,proqutl</strong></span> <span class='ocrx_word' id='word_1_27' title='bbox 1434 547 1626 624; x_wconf 87' lang='lat' dir='ltr'><strong>periculisse</strong></span> <span class='ocrx_word' id='word_1_28' title='bbox 1639 555 1804 630; x_wconf 85' lang='lat' dir='ltr'><strong>exposuit:</strong></span> 
     </span>
     <span class='ocr_line' id='line_1_4' title="bbox 192 623 1805 724; baseline 0.001 -30"><span class='ocrx_word' id='word_1_29' title='bbox 192 639 443 712; x_wconf 78' lang='lat' dir='ltr'><strong>erscprnoumet</strong></span> <span class='ocrx_word' id='word_1_30' title='bbox 454 631 656 724; x_wconf 65' lang='lat' dir='ltr'><strong>sapiendum</strong></span> <span class='ocrx_word' id='word_1_31' title='bbox 677 647 784 692; x_wconf 79' lang='lat' dir='ltr'><strong>onum</strong></span> <span class='ocrx_word' id='word_1_32' title='bbox 801 637 901 693; x_wconf 83' lang='lat' dir='ltr'><strong>cutem</strong></span> <span class='ocrx_word' id='word_1_33' title='bbox 918 639 963 691; x_wconf 84' lang='lat' dir='ltr'><strong>ert</strong></span> <span class='ocrx_word' id='word_1_34' title='bbox 1015 625 1161 704; x_wconf 82' lang='lat' dir='ltr'><strong>quamvis</strong></span> <span class='ocrx_word' id='word_1_35' title='bbox 1183 625 1279 688; x_wconf 91' lang='lat' dir='ltr'><strong>etiam</strong></span> <span class='ocrx_word' id='word_1_36' title='bbox 1300 623 1360 685; x_wconf 91' lang='lat' dir='ltr'><strong>dici</strong></span> <span class='ocrx_word' id='word_1_37' title='bbox 1383 625 1483 702; x_wconf 88' lang='lat' dir='ltr'><strong>possit</strong></span> <span class='ocrx_word' id='word_1_38' title='bbox 1502 627 1588 704; x_wconf 82' lang='lat' dir='ltr'><strong>qubd</strong></span> <span class='ocrx_word' id='word_1_39' title='bbox 1611 631 1709 693; x_wconf 87' lang='lat' dir='ltr'><strong>verba</strong></span> <span class='ocrx_word' id='word_1_40' title='bbox 1736 634 1805 712; x_wconf 89' lang='lat' dir='ltr'><strong>ejus</strong></span> 
     </span>
     <span class='ocr_line' id='line_1_5' title="bbox 167 651 1807 792; baseline 0 -18"><span class='ocrx_word' id='word_1_41' title='bbox 167 651 283 776; x_wconf 57' lang='lat' dir='ltr'><strong>genum</strong></span> <span class='ocrx_word' id='word_1_42' title='bbox 294 719 323 773; x_wconf 87' lang='lat' dir='ltr'><strong>et</strong></span> <span class='ocrx_word' id='word_1_43' title='bbox 335 710 501 774; x_wconf 77' lang='lat' dir='ltr'><strong>laudabile.</strong></span> <span class='ocrx_word' id='word_1_44' title='bbox 1016 703 1180 766; x_wconf 86' lang='lat' dir='ltr'><strong>veritatem</strong></span> <span class='ocrx_word' id='word_1_45' title='bbox 1198 704 1319 764; x_wconf 90' lang='lat' dir='ltr'><strong>habent</strong></span> <span class='ocrx_word' id='word_1_46' title='bbox 1336 703 1512 766; x_wconf 83' lang='lat' dir='ltr'><strong>secundum</strong></span> <span class='ocrx_word' id='word_1_47' title='bbox 1528 707 1670 786; x_wconf 85' lang='lat' dir='ltr'>aliquem</span> <span class='ocrx_word' id='word_1_48' title='bbox 1689 713 1807 792; x_wconf 75' lang='lat' dir='ltr'><strong>mysti-</strong></span> 
     </span>
     <span class='ocr_line' id='line_1_6' title="bbox 208 781 1312 870; baseline -0.01 -16"><span class='ocrx_word' id='word_1_49' title='bbox 208 791 297 854; x_wconf 88' lang='lat' dir='ltr'><strong>Unde</strong></span> <span class='ocrx_word' id='word_1_50' title='bbox 308 807 403 853; x_wconf 87' lang='lat' dir='ltr'><strong>omne</strong></span> <span class='ocrx_word' id='word_1_51' title='bbox 415 789 615 853; x_wconf 82' lang='lat' dir='ltr'><strong>mendacium</strong></span> <span class='ocrx_word' id='word_1_52' title='bbox 629 793 677 870; x_wconf 85' lang='lat' dir='ltr'><strong>est</strong></span> <span class='ocrx_word' id='word_1_53' title='bbox 689 791 866 867; x_wconf 88' lang='lat' dir='ltr'><strong>peccatum,</strong></span> <span class='ocrx_word' id='word_1_54' title='bbox 880 789 963 852; x_wconf 89' lang='lat' dir='ltr'><strong>sicut</strong></span> <span class='ocrx_word' id='word_1_55' title='bbox 1014 800 1087 844; x_wconf 90' lang='lat' dir='ltr'><strong>cum</strong></span> <span class='ocrx_word' id='word_1_56' title='bbox 1105 781 1312 844; x_wconf 89' lang='lat' dir='ltr'><strong>intellectum.</strong></span> 
     </span>
     <span class='ocr_line' id='line_1_7' title="bbox 168 860 1806 950; baseline -0.001 -17"><span class='ocrx_word' id='word_1_57' title='bbox 168 869 268 933; x_wconf 90' lang='lat' dir='ltr'><strong>etiam</strong></span> <span class='ocrx_word' id='word_1_58' title='bbox 280 868 479 950; x_wconf 78' lang='lat' dir='ltr'><strong>Augustinus</strong></span> <span class='ocrx_word' id='word_1_59' title='bbox 491 869 607 930; x_wconf 89' lang='lat' dir='ltr'><strong>asserit</strong></span> <span class='ocrx_word' id='word_1_60' title='bbox 621 868 655 929; x_wconf 95' lang='lat' dir='ltr'><strong>in</strong></span> <span class='ocrx_word' id='word_1_61' title='bbox 666 868 723 930; x_wconf 92' lang='lat' dir='ltr'><strong>lib.</strong></span> <span class='ocrx_word' id='word_1_62' title='bbox 739 872 852 930; x_wconf 88' lang='lat' dir='ltr'><strong>contra</strong></span> <span class='ocrx_word' id='word_1_63' title='bbox 868 869 963 930; x_wconf 84' lang='lat' dir='ltr'><strong>Men·</strong></span> <span class='ocrx_word' id='word_1_64' title='bbox 1054 861 1102 922; x_wconf 81' lang='lat' dir='ltr'><strong>Ad</strong></span> <span class='ocrx_word' id='word_1_65' title='bbox 1122 865 1273 938; x_wconf 85' lang='lat' dir='ltr'><strong>quartum</strong></span> <span class='ocrx_word' id='word_1_66' title='bbox 1299 860 1468 924; x_wconf 86' lang='lat' dir='ltr'><strong>dicendum</strong></span> <span class='ocrx_word' id='word_1_67' title='bbox 1493 861 1579 940; x_wconf 80' lang='lat' dir='ltr'><strong>quod</strong></span> <span class='ocrx_word' id='word_1_68' title='bbox 1607 866 1806 931; x_wconf 78' lang='lat' dir='ltr'>mendacium</span> 
     </span>
     <span class='ocr_line' id='line_1_8' title="bbox 168 937 1806 1026; baseline 0 -16"><span class='ocrx_word' id='word_1_69' title='bbox 168 948 309 1021; x_wconf 88' lang='lat' dir='ltr'><strong>dacium,</strong></span> <span class='ocrx_word' id='word_1_70' title='bbox 328 965 398 1026; x_wconf 91' lang='lat' dir='ltr'><strong>cap.</strong></span> <span class='ocrx_word' id='word_1_71' title='bbox 411 950 439 1008; x_wconf 92' lang='lat'><strong>1.</strong></span> <span class='ocrx_word' id='word_1_72' title='bbox 1014 957 1078 1001; x_wconf 90' lang='lat' dir='ltr'><strong>non</strong></span> <span class='ocrx_word' id='word_1_73' title='bbox 1092 937 1197 1002; x_wconf 75' lang='lat' dir='ltr'><strong>solium</strong></span> <span class='ocrx_word' id='word_1_74' title='bbox 1211 941 1307 1004; x_wconf 88' lang='lat' dir='ltr'><strong>babet</strong></span> <span class='ocrx_word' id='word_1_75' title='bbox 1323 942 1481 1002; x_wconf 89' lang='lat' dir='ltr'><strong>rationem</strong></span> <span class='ocrx_word' id='word_1_76' title='bbox 1494 944 1612 1020; x_wconf 86' lang='lat' dir='ltr'><strong>peccati</strong></span> <span class='ocrx_word' id='word_1_77' title='bbox 1630 964 1671 1005; x_wconf 77' lang='lat' dir='ltr'><strong>eu</strong></span> <span class='ocrx_word' id='word_1_78' title='bbox 1688 946 1806 1010; x_wconf 81' lang='lat' dir='ltr'><strong>danrno</strong></span> 
     </span>
     <span class='ocr_line' id='line_1_9' title="bbox 208 1017 1807 1112; baseline -0.001 -24"><span class='ocrx_word' id='word_1_79' title='bbox 208 1027 257 1088; x_wconf 82' lang='lat' dir='ltr'><strong>Aa</strong></span> <span class='ocrx_word' id='word_1_80' title='bbox 284 1029 423 1105; x_wconf 92' lang='lat' dir='ltr'><strong>primum</strong></span> <span class='ocrx_word' id='word_1_81' title='bbox 445 1042 523 1107; x_wconf 80' lang='lat' dir='ltr'><strong>ergo</strong></span> <span class='ocrx_word' id='word_1_82' title='bbox 547 1024 716 1088; x_wconf 90' lang='lat' dir='ltr'><strong>dicendum</strong></span> <span class='ocrx_word' id='word_1_83' title='bbox 737 1023 823 1102; x_wconf 81' lang='lat' dir='ltr'><strong>quot</strong></span> <span class='ocrx_word' id='word_1_84' title='bbox 849 1041 907 1086; x_wconf 90' lang='lat' dir='ltr'><strong>nec</strong></span> <span class='ocrx_word' id='word_1_85' title='bbox 929 1026 962 1086; x_wconf 90' lang='lat' dir='ltr'><strong>in</strong></span> <span class='ocrx_word' id='word_1_86' title='bbox 1014 1017 1100 1112; x_wconf 88' lang='lat' dir='ltr'><strong>quod</strong></span> <span class='ocrx_word' id='word_1_87' title='bbox 1114 1019 1250 1080; x_wconf 82' lang='lat' dir='ltr'><strong>insertur</strong></span> <span class='ocrx_word' id='word_1_88' title='bbox 1264 1021 1423 1097; x_wconf 83' lang='lat' dir='ltr'><strong>proximo,</strong></span> <span class='ocrx_word' id='word_1_89' title='bbox 1439 1019 1494 1082; x_wconf 90' lang='lat' dir='ltr'><strong>sed</strong></span> <span class='ocrx_word' id='word_1_90' title='bbox 1511 1021 1624 1084; x_wconf 77' lang='lat' dir='ltr'><strong>exsul</strong></span> <span class='ocrx_word' id='word_1_91' title='bbox 1638 1025 1807 1090; x_wconf 79' lang='lat' dir='ltr'><strong>inordina-</strong></span> 
     </span>
     <span class='ocr_line' id='line_1_10' title="bbox 167 1097 1804 1185; baseline -0.001 -19"><span class='ocrx_word' id='word_1_92' title='bbox 167 1105 361 1185; x_wconf 75' lang='lat' dir='ltr'><strong>Erangelio,</strong></span> <span class='ocrx_word' id='word_1_93' title='bbox 379 1107 486 1168; x_wconf 91' lang='lat' dir='ltr'><strong>necin</strong></span> <span class='ocrx_word' id='word_1_94' title='bbox 501 1103 612 1184; x_wconf 76' lang='lat' dir='ltr'><strong>aliqua</strong></span> <span class='ocrx_word' id='word_1_95' title='bbox 628 1103 792 1182; x_wconf 79' lang='lat' dir='ltr'><strong>Scriptura</strong></span> <span class='ocrx_word' id='word_1_96' title='bbox 807 1104 963 1167; x_wconf 72' lang='lat' dir='ltr'><strong>canoniea</strong></span> <span class='ocrx_word' id='word_1_97' title='bbox 1014 1101 1112 1168; x_wconf 84' lang='lat' dir='ltr'><strong>lione,</strong></span> <span class='ocrx_word' id='word_1_98' title='bbox 1123 1102 1160 1159; x_wconf 89' lang='lat' dir='ltr'><strong>ut</strong></span> <span class='ocrx_word' id='word_1_99' title='bbox 1171 1097 1289 1158; x_wconf 91' lang='lat' dir='ltr'><strong>dictum</strong></span> <span class='ocrx_word' id='word_1_100' title='bbox 1301 1102 1350 1160; x_wconf 90' lang='lat' dir='ltr'><strong>est</strong></span> <span class='ocrx_word' id='word_1_101' title='bbox 1360 1099 1391 1160; x_wconf 93' lang='lat' dir='ltr'><strong>in</strong></span> <span class='ocrx_word' id='word_1_102' title='bbox 1405 1116 1492 1176; x_wconf 89' lang='lat' dir='ltr'><strong>corp.</strong></span> <span class='ocrx_word' id='word_1_103' title='bbox 1506 1105 1567 1161; x_wconf 88' lang='lat' dir='ltr'><strong>art.</strong></span> <span class='ocrx_word' id='word_1_104' title='bbox 1581 1101 1649 1162; x_wconf 89' lang='lat' dir='ltr'><strong>Non</strong></span> <span class='ocrx_word' id='word_1_105' title='bbox 1663 1103 1736 1166; x_wconf 90' lang='lat' dir='ltr'><strong>licet</strong></span> <span class='ocrx_word' id='word_1_106' title='bbox 1748 1122 1804 1166; x_wconf 89' lang='lat' dir='ltr'><strong>au·</strong></span> 
     </span>
     <span class='ocr_line' id='line_1_11' title="bbox 169 1175 1804 1262; baseline 0 -18"><span class='ocrx_word' id='word_1_107' title='bbox 169 1185 217 1247; x_wconf 89' lang='lat' dir='ltr'><strong>las</strong></span> <span class='ocrx_word' id='word_1_108' title='bbox 242 1188 291 1246; x_wconf 89' lang='lat' dir='ltr'><strong>cst</strong></span> <span class='ocrx_word' id='word_1_109' title='bbox 313 1185 440 1262; x_wconf 90' lang='lat' dir='ltr'><strong>opinari</strong></span> <span class='ocrx_word' id='word_1_110' title='bbox 465 1182 595 1262; x_wconf 80' lang='lat' dir='ltr'><strong>aliquod</strong></span> <span class='ocrx_word' id='word_1_111' title='bbox 622 1183 739 1245; x_wconf 88' lang='lat' dir='ltr'><strong>laisum</strong></span> <span class='ocrx_word' id='word_1_112' title='bbox 761 1183 878 1256; x_wconf 85' lang='lat' dir='ltr'><strong>asseri,</strong></span> <span class='ocrx_word' id='word_1_113' title='bbox 904 1201 963 1246; x_wconf 87' lang='lat' dir='ltr'><strong>nee</strong></span> <span class='ocrx_word' id='word_1_114' title='bbox 1014 1175 1804 1262; x_wconf 60' lang='grc'><strong>111111111111111111111111111111111111111111·</strong></span> 
     </span>
     <span class='ocr_line' id='line_1_12' title="bbox 168 1253 1806 1342; baseline 0.001 -19"><span class='ocrx_word' id='word_1_115' title='bbox 168 1262 255 1341; x_wconf 80' lang='lat' dir='ltr'><strong>qnod</strong></span> <span class='ocrx_word' id='word_1_116' title='bbox 271 1265 443 1342; x_wconf 75' lang='lat' dir='ltr'><strong>scriptores</strong></span> <span class='ocrx_word' id='word_1_117' title='bbox 464 1279 576 1326; x_wconf 91' lang='lat' dir='ltr'><strong>earum</strong></span> <span class='ocrx_word' id='word_1_118' title='bbox 590 1262 791 1324; x_wconf 84' lang='lat' dir='ltr'><strong>mendacium</strong></span> <span class='ocrx_word' id='word_1_119' title='bbox 809 1260 960 1335; x_wconf 78' lang='lat' dir='ltr'><strong>dixerint,</strong></span> <span class='ocrx_word' id='word_1_120' title='bbox 1013 1253 1711 1334; x_wconf 85' lang='lat' dir='ltr'><strong>diendumnocumentaetdelectusaliorum;</strong></span> <span class='ocrx_word' id='word_1_121' title='bbox 1723 1263 1806 1324; x_wconf 90' lang='lat' dir='ltr'><strong>sicut</strong></span> 
     </span>
     <span class='ocr_line' id='line_1_13' title="bbox 169 1335 1806 1422; baseline -0.001 -18"><span class='ocrx_word' id='word_1_122' title='bbox 169 1342 249 1420; x_wconf 84' lang='lat' dir='ltr'><strong>quia</strong></span> <span class='ocrx_word' id='word_1_123' title='bbox 263 1343 381 1422; x_wconf 90' lang='lat' dir='ltr'><strong>periret</strong></span> <span class='ocrx_word' id='word_1_124' title='bbox 401 1341 474 1404; x_wconf 88' lang='lat' dir='ltr'><strong>tidei</strong></span> <span class='ocrx_word' id='word_1_125' title='bbox 492 1340 665 1414; x_wconf 85' lang='lat' dir='ltr'><strong>certitudo,</strong></span> <span class='ocrx_word' id='word_1_126' title='bbox 690 1356 763 1419; x_wconf 79' lang='lat' dir='ltr'><strong>quas</strong></span> <span class='ocrx_word' id='word_1_127' title='bbox 779 1341 961 1402; x_wconf 89' lang='lat' dir='ltr'><strong>auctoritati</strong></span> <span class='ocrx_word' id='word_1_128' title='bbox 1014 1349 1079 1395; x_wconf 92' lang='lat' dir='ltr'><strong>non</strong></span> <span class='ocrx_word' id='word_1_129' title='bbox 1094 1335 1167 1396; x_wconf 87' lang='lat' dir='ltr'><strong>licet</strong></span> <span class='ocrx_word' id='word_1_130' title='bbox 1180 1335 1279 1398; x_wconf 88' lang='lat' dir='ltr'><strong>iurari</strong></span> <span class='ocrx_word' id='word_1_131' title='bbox 1293 1335 1332 1396; x_wconf 90' lang='lat' dir='ltr'><strong>ad</strong></span> <span class='ocrx_word' id='word_1_132' title='bbox 1347 1335 1409 1397; x_wconf 91' lang='lat' dir='ltr'><strong>boc</strong></span> <span class='ocrx_word' id='word_1_133' title='bbox 1422 1335 1507 1413; x_wconf 87' lang='lat' dir='ltr'><strong>qubd</strong></span> <span class='ocrx_word' id='word_1_134' title='bbox 1519 1337 1615 1398; x_wconf 91' lang='lat' dir='ltr'><strong>bomo</strong></span> <span class='ocrx_word' id='word_1_135' title='bbox 1630 1339 1806 1420; x_wconf 85' lang='lat' dir='ltr'><strong>elcemosy-</strong></span> 
     </span>
     <span class='ocr_line' id='line_1_14' title="bbox 169 1412 1805 1500; baseline 0 -18"><span class='ocrx_word' id='word_1_136' title='bbox 169 1437 271 1483; x_wconf 80' lang='lat' dir='ltr'><strong>sacrm</strong></span> <span class='ocrx_word' id='word_1_137' title='bbox 290 1421 462 1500; x_wconf 74' lang='lat' dir='ltr'><strong>Scriptura</strong></span> <span class='ocrx_word' id='word_1_138' title='bbox 481 1420 694 1496; x_wconf 60' lang='lat' dir='ltr'><strong>innititur.,ln</strong></span> <span class='ocrx_word' id='word_1_139' title='bbox 710 1419 771 1480; x_wconf 88' lang='lat' dir='ltr'><strong>boc</strong></span> <span class='ocrx_word' id='word_1_140' title='bbox 787 1419 862 1482; x_wconf 83' lang='lat' dir='ltr'><strong>verb</strong></span> <span class='ocrx_word' id='word_1_141' title='bbox 876 1419 961 1498; x_wconf 80' lang='lat' dir='ltr'><strong>quea</strong></span> <span class='ocrx_word' id='word_1_142' title='bbox 1015 1429 1089 1475; x_wconf 87' lang='lat' dir='ltr'><strong>nam</strong></span> <span class='ocrx_word' id='word_1_143' title='bbox 1105 1413 1209 1486; x_wconf 86' lang='lat' dir='ltr'><strong>iaciat,</strong></span> <span class='ocrx_word' id='word_1_144' title='bbox 1226 1414 1287 1475; x_wconf 90' lang='lat' dir='ltr'><strong>nisi</strong></span> <span class='ocrx_word' id='word_1_145' title='bbox 1303 1412 1382 1475; x_wconf 81' lang='lat' dir='ltr'><strong>torte</strong></span> <span class='ocrx_word' id='word_1_146' title='bbox 1404 1414 1436 1474; x_wconf 90' lang='lat' dir='ltr'><strong>in</strong></span> <span class='ocrx_word' id='word_1_147' title='bbox 1450 1430 1528 1476; x_wconf 89' lang='lat' dir='ltr'><strong>casu</strong></span> <span class='ocrx_word' id='word_1_148' title='bbox 1546 1419 1756 1494; x_wconf 89' lang='lat' dir='ltr'><strong>necessitatis,</strong></span> <span class='ocrx_word' id='word_1_149' title='bbox 1772 1421 1805 1482; x_wconf 94' lang='lat' dir='ltr'><strong>in</strong></span> 
     </span>
     <span class='ocr_line' id='line_1_15' title="bbox 168 1494 1803 1582; baseline 0.002 -23"><span class='ocrx_word' id='word_1_150' title='bbox 168 1501 203 1559; x_wconf 92' lang='lat' dir='ltr'><strong>in</strong></span> <span class='ocrx_word' id='word_1_151' title='bbox 216 1499 391 1580; x_wconf 77' lang='lat' dir='ltr'><strong>Evangelio</strong></span> <span class='ocrx_word' id='word_1_152' title='bbox 401 1505 433 1561; x_wconf 89' lang='lat' dir='ltr'><strong>ct</strong></span> <span class='ocrx_word' id='word_1_153' title='bbox 446 1499 477 1561; x_wconf 92' lang='lat' dir='ltr'><strong>in</strong></span> <span class='ocrx_word' id='word_1_154' title='bbox 487 1499 559 1563; x_wconf 90' lang='lat' dir='ltr'><strong>aliis</strong></span> <span class='ocrx_word' id='word_1_155' title='bbox 567 1497 737 1577; x_wconf 82' lang='lat' dir='ltr'><strong>scripturis</strong></span> <span class='ocrx_word' id='word_1_156' title='bbox 753 1499 853 1560; x_wconf 87' lang='lat' dir='ltr'><strong>sacris</strong></span> <span class='ocrx_word' id='word_1_157' title='bbox 864 1501 961 1562; x_wconf 87' lang='lat' dir='ltr'><strong>verba</strong></span> <span class='ocrx_word' id='word_1_158' title='bbox 1013 1508 1079 1582; x_wconf 86' lang='lat' dir='ltr'><strong>quo</strong></span> <span class='ocrx_word' id='word_1_159' title='bbox 1100 1494 1209 1555; x_wconf 84' lang='lat' dir='ltr'><strong>ornnia</strong></span> <span class='ocrx_word' id='word_1_160' title='bbox 1228 1497 1304 1555; x_wconf 90' lang='lat' dir='ltr'><strong>sunt</strong></span> <span class='ocrx_word' id='word_1_161' title='bbox 1322 1494 1514 1556; x_wconf 88' lang='lat' dir='ltr'><strong>communia.</strong></span> <span class='ocrx_word' id='word_1_162' title='bbox 1538 1495 1578 1556; x_wconf 90' lang='lat' dir='ltr'><strong>Et</strong></span> <span class='ocrx_word' id='word_1_163' title='bbox 1590 1495 1661 1558; x_wconf 82' lang='lat' dir='ltr'><strong>ideo</strong></span> <span class='ocrx_word' id='word_1_164' title='bbox 1674 1513 1738 1558; x_wconf 92' lang='lat' dir='ltr'><strong>non</strong></span> <span class='ocrx_word' id='word_1_165' title='bbox 1757 1501 1803 1564; x_wconf 90' lang='lat' dir='ltr'><strong>esl</strong></span> 
     </span>
     <span class='ocr_line' id='line_1_16' title="bbox 168 1570 1804 1657; baseline 0 -19"><span class='ocrx_word' id='word_1_166' title='bbox 168 1578 355 1657; x_wconf 87' lang='lat' dir='ltr'><strong>aliquorum</strong></span> <span class='ocrx_word' id='word_1_167' title='bbox 375 1575 590 1642; x_wconf 82' lang='lat' dir='ltr'><strong>diversimode</strong></span> <span class='ocrx_word' id='word_1_168' title='bbox 611 1579 799 1648; x_wconf 86' lang='lat' dir='ltr'><strong>recitantur,</strong></span> <span class='ocrx_word' id='word_1_169' title='bbox 825 1594 890 1638; x_wconf 88' lang='lat' dir='ltr'><strong>non</strong></span> <span class='ocrx_word' id='word_1_170' title='bbox 913 1587 962 1640; x_wconf 81' lang='lat' dir='ltr'><strong>esc</strong></span> <span class='ocrx_word' id='word_1_171' title='bbox 1013 1570 1135 1632; x_wconf 82' lang='lat' dir='ltr'><strong>licitum</strong></span> <span class='ocrx_word' id='word_1_172' title='bbox 1158 1573 1358 1634; x_wconf 88' lang='lat' dir='ltr'><strong>mendacium</strong></span> <span class='ocrx_word' id='word_1_173' title='bbox 1378 1571 1481 1634; x_wconf 86' lang='lat' dir='ltr'><strong>dicere</strong></span> <span class='ocrx_word' id='word_1_174' title='bbox 1501 1573 1541 1636; x_wconf 87' lang='lat' dir='ltr'><strong>ad</strong></span> <span class='ocrx_word' id='word_1_175' title='bbox 1560 1575 1620 1637; x_wconf 90' lang='lat' dir='ltr'><strong>hoc</strong></span> <span class='ocrx_word' id='word_1_176' title='bbox 1634 1575 1719 1653; x_wconf 84' lang='lat' dir='ltr'><strong>qubd</strong></span> <span class='ocrx_word' id='word_1_177' title='bbox 1738 1578 1804 1640; x_wconf 82' lang='lat' dir='ltr'><strong>ali—</strong></span> 
     </span>
     <span class='ocr_line' id='line_1_17' title="bbox 168 1649 1809 1734; baseline 0.001 -18"><span class='ocrx_word' id='word_1_178' title='bbox 168 1657 384 1720; x_wconf 86' lang='lat' dir='ltr'><strong>mendaeium.</strong></span> <span class='ocrx_word' id='word_1_179' title='bbox 401 1655 489 1720; x_wconf 86' lang='lat' dir='ltr'><strong>Unde</strong></span> <span class='ocrx_word' id='word_1_180' title='bbox 504 1657 703 1734; x_wconf 72' lang='lat' dir='ltr'><strong>Augustinus</strong></span> <span class='ocrx_word' id='word_1_181' title='bbox 723 1655 798 1717; x_wconf 86' lang='lat' dir='ltr'><strong>dicit</strong></span> <span class='ocrx_word' id='word_1_182' title='bbox 818 1655 851 1716; x_wconf 90' lang='lat' dir='ltr'><strong>in</strong></span> <span class='ocrx_word' id='word_1_183' title='bbox 869 1657 924 1718; x_wconf 90' lang='lat' dir='ltr'><strong>lib.</strong></span> <span class='ocrx_word' id='word_1_184' title='bbox 942 1657 962 1718; x_wconf 78' lang='lat' dir='ltr'><strong>u</strong></span> <span class='ocrx_word' id='word_1_185' title='bbox 1013 1650 1085 1727; x_wconf 86' lang='lat' dir='ltr'><strong>quis</strong></span> <span class='ocrx_word' id='word_1_186' title='bbox 1100 1651 1200 1713; x_wconf 78' lang='lat' dir='ltr'><strong>alium</strong></span> <span class='ocrx_word' id='word_1_187' title='bbox 1213 1649 1232 1714; x_wconf 82' lang='lat' dir='ltr'><strong>it</strong></span> <span class='ocrx_word' id='word_1_188' title='bbox 1243 1668 1447 1730; x_wconf 83' lang='lat' dir='ltr'><strong>quocumque</strong></span> <span class='ocrx_word' id='word_1_189' title='bbox 1461 1651 1735 1728; x_wconf 84' lang='lat' dir='ltr'><strong>periculoliberet.</strong></span> <span class='ocrx_word' id='word_1_190' title='bbox 1749 1657 1809 1718; x_wconf 89' lang='lat' dir='ltr'><strong>Li-</strong></span> 
     </span>
     <span class='ocr_line' id='line_1_18' title="bbox 168 1731 1805 1817; baseline 0.001 -22"><span class='ocrx_word' id='word_1_191' title='bbox 168 1733 208 1796; x_wconf 92' lang='lat' dir='ltr'><strong>de</strong></span> <span class='ocrx_word' id='word_1_192' title='bbox 220 1735 386 1798; x_wconf 87' lang='lat' dir='ltr'><strong>Consensu</strong></span> <span class='ocrx_word' id='word_1_193' title='bbox 398 1735 688 1817; x_wconf 75' lang='lat' dir='ltr'><strong>Ei&#39;angelistarum,</strong></span> <span class='ocrx_word' id='word_1_194' title='bbox 702 1751 772 1812; x_wconf 90' lang='lat' dir='ltr'><strong>cap.</strong></span> <span class='ocrx_word' id='word_1_195' title='bbox 787 1734 836 1808; x_wconf 79' lang='lat' dir='ltr'><strong>lu,</strong></span> <span class='ocrx_word' id='word_1_196' title='bbox 848 1733 961 1814; x_wconf 83' lang='lat' dir='ltr'><strong>parum</strong></span> <span class='ocrx_word' id='word_1_197' title='bbox 1012 1733 1062 1790; x_wconf 88' lang='lat' dir='ltr'><strong>cet</strong></span> <span class='ocrx_word' id='word_1_198' title='bbox 1077 1734 1183 1794; x_wconf 88' lang='lat' dir='ltr'><strong>tamen</strong></span> <span class='ocrx_word' id='word_1_199' title='bbox 1197 1731 1364 1792; x_wconf 86' lang='lat' dir='ltr'><strong>veritatem</strong></span> <span class='ocrx_word' id='word_1_200' title='bbox 1381 1731 1542 1793; x_wconf 89' lang='lat' dir='ltr'><strong>occultare</strong></span> <span class='ocrx_word' id='word_1_201' title='bbox 1558 1733 1732 1811; x_wconf 86' lang='lat' dir='ltr'><strong>prudenter</strong></span> <span class='ocrx_word' id='word_1_202' title='bbox 1744 1738 1805 1798; x_wconf 91' lang='lat' dir='ltr'><strong>sub</strong></span> 
     </span>
     <span class='ocr_line' id='line_1_19' title="bbox 168 1807 1804 1894; baseline 0.005 -26"><span class='ocrx_word' id='word_1_203' title='bbox 168 1811 288 1876; x_wconf 66' lang='lat' dir='ltr'><strong>amad.</strong></span> <span class='ocrx_word' id='word_1_204' title='bbox 306 1834 314 1874; x_wconf 71' lang='grc' dir='ltr'><strong>ε</strong></span> <span class='ocrx_word' id='word_1_205' title='bbox 331 1815 448 1877; x_wconf 69' lang='lat' dir='ltr'><strong>«Nullo</strong></span> <span class='ocrx_word' id='word_1_206' title='bbox 467 1814 562 1876; x_wconf 80' lang='lat' dir='ltr'><strong>modo</strong></span> <span class='ocrx_word' id='word_1_207' title='bbox 590 1812 801 1876; x_wconf 83' lang='lat' dir='ltr'><strong>laborandum</strong></span> <span class='ocrx_word' id='word_1_208' title='bbox 818 1831 889 1876; x_wconf 81' lang='lat' dir='ltr'><strong>esse</strong></span> <span class='ocrx_word' id='word_1_209' title='bbox 901 1815 965 1894; x_wconf 81' lang='lat' dir='ltr'><strong>ju-</strong></span> <span class='ocrx_word' id='word_1_210' title='bbox 1012 1807 1404 1887; x_wconf 65' lang='lat' dir='ltr'><strong>aliquutlissimulalione,</strong></span> <span class='ocrx_word' id='word_1_211' title='bbox 1420 1813 1456 1870; x_wconf 84' lang='lat' dir='ltr'><strong>ul</strong></span> <span class='ocrx_word' id='word_1_212' title='bbox 1470 1813 1668 1890; x_wconf 76' lang='lat' dir='ltr'><strong>Augustinus</strong></span> <span class='ocrx_word' id='word_1_213' title='bbox 1683 1813 1757 1875; x_wconf 78' lang='lat' dir='ltr'><strong>dicii</strong></span> <span class='ocrx_word' id='word_1_214' title='bbox 1771 1816 1804 1876; x_wconf 84' lang='lat' dir='ltr'><strong>in</strong></span> 
     </span>
     <span class='ocr_line' id='line_1_20' title="bbox 169 1884 1651 2028; baseline 0.009 -78"><span class='ocrx_word' id='word_1_215' title='bbox 169 1891 279 1956; x_wconf 73' lang='lat' dir='ltr'><strong>«dicat</strong></span> <span class='ocrx_word' id='word_1_216' title='bbox 298 1893 355 1973; x_wconf 88' lang='lat' dir='ltr'><strong>qui</strong></span> <span class='ocrx_word' id='word_1_217' title='bbox 373 1892 548 1972; x_wconf 86' lang='lat' dir='ltr'><strong>prudenter</strong></span> <span class='ocrx_word' id='word_1_218' title='bbox 562 1891 714 1972; x_wconf 78' lang='lat' dir='ltr'><strong>intelligit</strong></span> <span class='ocrx_word' id='word_1_219' title='bbox 726 1891 813 1971; x_wconf 88' lang='lat' dir='ltr'><strong>ipsas</strong></span> <span class='ocrx_word' id='word_1_220' title='bbox 833 1900 962 1954; x_wconf 89' lang='lat' dir='ltr'><strong>senten·</strong></span> <span class='ocrx_word' id='word_1_221' title='bbox 1013 1884 1068 1962; x_wconf 82' lang='lat' dir='ltr'><strong>lib,</strong></span> <span class='ocrx_word' id='word_1_222' title='bbox 1083 1887 1121 1948; x_wconf 81' lang='lat' dir='ltr'><strong>de</strong></span> <span class='ocrx_word' id='word_1_223' title='bbox 1136 1888 1313 1981; x_wconf 63' lang='grc'><strong>1111111119,</strong></span> <span class='ocrx_word' id='word_1_224' title='bbox 1330 1905 1400 2028; x_wconf 55' lang='lat' dir='ltr'><strong>eug·</strong></span> <span class='ocrx_word' id='word_1_225' title='bbox 1416 1889 1467 1962; x_wconf 69' lang='lat'><strong>10,</strong></span> <span class='ocrx_word' id='word_1_226' title='bbox 1483 1889 1582 1970; x_wconf 57' lang='lat' dir='ltr'><strong>prop&amp;</strong></span> <span class='ocrx_word' id='word_1_227' title='bbox 1596 1891 1651 1952; x_wconf 77' lang='lat' dir='ltr'><strong>fill·</strong></span> 
     </span>
     <span class='ocr_line' id='line_1_21' title="bbox 170 1965 1805 2064; baseline -0.001 -33"><span class='ocrx_word' id='word_1_228' title='bbox 170 1971 257 2034; x_wconf 75' lang='lat' dir='ltr'><strong>«tias</strong></span> <span class='ocrx_word' id='word_1_229' title='bbox 273 1989 343 2034; x_wconf 91' lang='lat' dir='ltr'><strong>esse</strong></span> <span class='ocrx_word' id='word_1_230' title='bbox 358 1971 557 2035; x_wconf 89' lang='lat' dir='ltr'><strong>necessarias</strong></span> <span class='ocrx_word' id='word_1_231' title='bbox 578 1971 805 2064; x_wconf 71' lang='lat' dir='ltr'><strong>cognoscendo</strong></span> <span class='ocrx_word' id='word_1_232' title='bbox 819 1973 959 2042; x_wconf 85' lang='lat' dir='ltr'><strong>veritati,</strong></span> <span class='ocrx_word' id='word_1_233' title='bbox 1052 1965 1097 2026; x_wconf 86' lang='lat' dir='ltr'><strong>Ad</strong></span> <span class='ocrx_word' id='word_1_234' title='bbox 1113 1970 1261 2044; x_wconf 83' lang='lat' dir='ltr'><strong>quintum</strong></span> <span class='ocrx_word' id='word_1_235' title='bbox 1271 1969 1362 2028; x_wconf 83' lang='lat' dir='ltr'><strong>dicen</strong></span> <span class='ocrx_word' id='word_1_236' title='bbox 1385 1969 1597 2048; x_wconf 87' lang='lat' dir='ltr'><strong>nmqubdillc</strong></span> <span class='ocrx_word' id='word_1_237' title='bbox 1611 1971 1667 2048; x_wconf 85' lang='lat' dir='ltr'><strong>qui</strong></span> <span class='ocrx_word' id='word_1_238' title='bbox 1683 1969 1805 2049; x_wconf 85' lang='lat' dir='ltr'><strong>aliquid</strong></span> 
     </span>
     <span class='ocr_line' id='line_1_22' title="bbox 169 2045 1806 2128; baseline 0 -18"><span class='ocrx_word' id='word_1_239' title='bbox 169 2051 393 2128; x_wconf 77' lang='lat' dir='ltr'><strong>«quibuslibet</strong></span> <span class='ocrx_word' id='word_1_240' title='bbox 421 2051 526 2114; x_wconf 84' lang='lat' dir='ltr'><strong>verbis</strong></span> <span class='ocrx_word' id='word_1_241' title='bbox 550 2050 669 2112; x_wconf 85' lang='lat' dir='ltr'><strong>luerint</strong></span> <span class='ocrx_word' id='word_1_242' title='bbox 693 2049 962 2128; x_wconf 67' lang='lat' dir='ltr'><strong>explicaturus</strong></span> <span class='ocrx_word' id='word_1_243' title='bbox 1012 2045 1806 2128; x_wconf 75' lang='lat' dir='ltr'><strong>promittit‚sibabeatanimumfaciendiquodpro-</strong></span> 
     </span>
     <span class='ocr_line' id='line_1_23' title="bbox 168 2123 1804 2223; baseline 0.003 -34"><span class='ocrx_word' id='word_1_244' title='bbox 168 2131 203 2190; x_wconf 89' lang='lat' dir='ltr'><strong>in</strong></span> <span class='ocrx_word' id='word_1_245' title='bbox 215 2128 418 2223; x_wconf 86' lang='lat' dir='ltr'><strong>bocapparel</strong></span> <span class='ocrx_word' id='word_1_246' title='bbox 433 2129 603 2210; x_wconf 91' lang='lat' dir='ltr'><strong>(utibidem</strong></span> <span class='ocrx_word' id='word_1_247' title='bbox 613 2128 730 2208; x_wconf 77' lang='lat' dir='ltr'><strong>subdit)</strong></span> <span class='ocrx_word' id='word_1_248' title='bbox 745 2145 835 2190; x_wconf 78' lang='lat' dir='ltr'><strong>«non</strong></span> <span class='ocrx_word' id='word_1_249' title='bbox 846 2129 961 2192; x_wconf 91' lang='lat' dir='ltr'><strong>debere</strong></span> <span class='ocrx_word' id='word_1_250' title='bbox 1012 2123 1357 2196; x_wconf 87' lang='lat' dir='ltr'><strong>mittitnonmentitur,</strong></span> <span class='ocrx_word' id='word_1_251' title='bbox 1371 2127 1524 2204; x_wconf 75' lang='lat' dir='ltr'><strong>quianon</strong></span> <span class='ocrx_word' id='word_1_252' title='bbox 1540 2128 1683 2206; x_wconf 89' lang='lat' dir='ltr'><strong>loquitur</strong></span> <span class='ocrx_word' id='word_1_253' title='bbox 1693 2133 1804 2194; x_wconf 84' lang='lat' dir='ltr'><strong>contra</strong></span> 
     </span>
     <span class='ocr_line' id='line_1_24' title="bbox 169 2201 1803 2286; baseline 0.006 -20"><span class='ocrx_word' id='word_1_254' title='bbox 169 2224 256 2270; x_wconf 79' lang='lat' dir='ltr'><strong>«nos</strong></span> <span class='ocrx_word' id='word_1_255' title='bbox 272 2210 422 2272; x_wconf 83' lang='lat' dir='ltr'><strong>arbitrari</strong></span> <span class='ocrx_word' id='word_1_256' title='bbox 436 2209 564 2270; x_wconf 93' lang='lat' dir='ltr'><strong>mentiri</strong></span> <span class='ocrx_word' id='word_1_257' title='bbox 579 2224 794 2286; x_wconf 88' lang='lat' dir='ltr'><strong>quemqnam,</strong></span> <span class='ocrx_word' id='word_1_258' title='bbox 810 2209 836 2270; x_wconf 93' lang='lat' dir='ltr'><strong>si</strong></span> <span class='ocrx_word' id='word_1_259' title='bbox 852 2209 962 2286; x_wconf 87' lang='lat' dir='ltr'><strong>pluri·</strong></span> <span class='ocrx_word' id='word_1_260' title='bbox 1012 2201 1042 2262; x_wconf 86' lang='lat' dir='ltr'><strong>id</strong></span> <span class='ocrx_word' id='word_1_261' title='bbox 1065 2203 1151 2280; x_wconf 84' lang='lat' dir='ltr'><strong>quod</strong></span> <span class='ocrx_word' id='word_1_262' title='bbox 1175 2204 1256 2283; x_wconf 83' lang='lat' dir='ltr'><strong>gerit</strong></span> <span class='ocrx_word' id='word_1_263' title='bbox 1275 2207 1307 2265; x_wconf 93' lang='lat' dir='ltr'><strong>in</strong></span> <span class='ocrx_word' id='word_1_264' title='bbox 1327 2209 1449 2277; x_wconf 75' lang='lat' dir='ltr'><strong>menter</strong></span> <span class='ocrx_word' id='word_1_265' title='bbox 1474 2205 1500 2266; x_wconf 75' lang='lat' dir='ltr'><strong>si</strong></span> <span class='ocrx_word' id='word_1_266' title='bbox 1525 2207 1601 2269; x_wconf 73' lang='lat' dir='ltr'><strong>verb</strong></span> <span class='ocrx_word' id='word_1_267' title='bbox 1623 2225 1688 2268; x_wconf 80' lang='lat' dir='ltr'><strong>non</strong></span> <span class='ocrx_word' id='word_1_268' title='bbox 1710 2206 1803 2270; x_wconf 77' lang='lat' dir='ltr'><strong>iaciat</strong></span> 
     </span>
     <span class='ocr_line' id='line_1_25' title="bbox 169 2281 1805 2366; baseline 0.003 -22"><span class='ocrx_word' id='word_1_269' title='bbox 169 2287 257 2350; x_wconf 77' lang='lat' dir='ltr'><strong>«bus</strong></span> <span class='ocrx_word' id='word_1_270' title='bbox 281 2288 558 2351; x_wconf 88' lang='lat' dir='ltr'><strong>reminiscentibus</strong></span> <span class='ocrx_word' id='word_1_271' title='bbox 580 2305 649 2348; x_wconf 92' lang='lat' dir='ltr'><strong>rem</strong></span> <span class='ocrx_word' id='word_1_272' title='bbox 696 2302 770 2348; x_wconf 89' lang='lat' dir='ltr'><strong>uam</strong></span> <span class='ocrx_word' id='word_1_273' title='bbox 790 2285 962 2350; x_wconf 89' lang='lat' dir='ltr'><strong>audierunt</strong></span> <span class='ocrx_word' id='word_1_274' title='bbox 1012 2281 1097 2359; x_wconf 90' lang='lat' dir='ltr'><strong>quod</strong></span> <span class='ocrx_word' id='word_1_275' title='bbox 1112 2282 1274 2360; x_wconf 86' lang='lat' dir='ltr'><strong>promisit,</strong></span> <span class='ocrx_word' id='word_1_276' title='bbox 1292 2288 1369 2345; x_wconf 92' lang='lat' dir='ltr'><strong>tunc</strong></span> <span class='ocrx_word' id='word_1_277' title='bbox 1384 2284 1508 2345; x_wconf 89' lang='lat' dir='ltr'><strong>videtur</strong></span> <span class='ocrx_word' id='word_1_278' title='bbox 1528 2286 1805 2366; x_wconf 82' lang='lat' dir='ltr'><strong>infideliterugere</strong></span> 
     </span>
     <span class='ocr_line' id='line_1_26' title="bbox 169 2305 1803 2444; baseline 0.003 -21"><span class='ocrx_word' id='word_1_279' title='bbox 169 2365 249 2428; x_wconf 76' lang='lat' dir='ltr'><strong>«rel</strong></span> <span class='ocrx_word' id='word_1_280' title='bbox 257 2366 415 2440; x_wconf 86' lang='lat' dir='ltr'><strong>viderunt,</strong></span> <span class='ocrx_word' id='word_1_281' title='bbox 424 2383 490 2429; x_wconf 92' lang='lat' dir='ltr'><strong>non</strong></span> <span class='ocrx_word' id='word_1_282' title='bbox 498 2367 608 2428; x_wconf 90' lang='lat' dir='ltr'><strong>codem</strong></span> <span class='ocrx_word' id='word_1_283' title='bbox 618 2305 723 2437; x_wconf 53' lang='lat' dir='ltr'><strong>mogo,</strong></span> <span class='ocrx_word' id='word_1_284' title='bbox 736 2369 832 2444; x_wconf 81' lang='lat' dir='ltr'><strong>atque</strong></span> <span class='ocrx_word' id='word_1_285' title='bbox 842 2366 960 2428; x_wconf 83' lang='lat' dir='ltr'><strong>eisdem</strong></span> <span class='ocrx_word' id='word_1_286' title='bbox 1012 2377 1069 2437; x_wconf 91' lang='lat' dir='ltr'><strong>per</strong></span> <span class='ocrx_word' id='word_1_287' title='bbox 1091 2361 1153 2424; x_wconf 88' lang='lat' dir='ltr'><strong>hoc</strong></span> <span class='ocrx_word' id='word_1_288' title='bbox 1173 2361 1259 2438; x_wconf 86' lang='lat' dir='ltr'><strong>qubd</strong></span> <span class='ocrx_word' id='word_1_289' title='bbox 1279 2363 1423 2424; x_wconf 91' lang='lat' dir='ltr'><strong>animum</strong></span> <span class='ocrx_word' id='word_1_290' title='bbox 1442 2367 1555 2425; x_wconf 91' lang='lat' dir='ltr'><strong>mutat.</strong></span> <span class='ocrx_word' id='word_1_291' title='bbox 1576 2366 1803 2428; x_wconf 88' lang='lat' dir='ltr'><strong>Potesttamen</strong></span> 
     </span>
     <span class='ocr_line' id='line_1_27' title="bbox 169 2439 1805 2524; baseline 0.001 -21"><span class='ocrx_word' id='word_1_292' title='bbox 169 2445 304 2508; x_wconf 78' lang='lat' dir='ltr'><strong>«verbis</strong></span> <span class='ocrx_word' id='word_1_293' title='bbox 317 2445 427 2509; x_wconf 90' lang='lat' dir='ltr'><strong>eadem</strong></span> <span class='ocrx_word' id='word_1_294' title='bbox 442 2463 493 2508; x_wconf 88' lang='lat' dir='ltr'><strong>res</strong></span> <span class='ocrx_word' id='word_1_295' title='bbox 509 2444 603 2506; x_wconf 89' lang='lat' dir='ltr'><strong>luerit</strong></span> <span class='ocrx_word' id='word_1_296' title='bbox 615 2444 764 2506; x_wconf 88' lang='lat' dir='ltr'><strong>indicata.</strong></span> <span class='ocrx_word' id='word_1_297' title='bbox 780 2467 795 2500; x_wconf 92' lang='lat'><strong>»</strong></span> <span class='ocrx_word' id='word_1_298' title='bbox 1012 2441 1161 2502; x_wconf 84' lang='lat' dir='ltr'><strong>excusari</strong></span> <span class='ocrx_word' id='word_1_299' title='bbox 1177 2459 1219 2502; x_wconf 81' lang='lat' dir='ltr'><strong>ex</strong></span> <span class='ocrx_word' id='word_1_300' title='bbox 1235 2439 1358 2502; x_wconf 89' lang='lat' dir='ltr'><strong>duobus</strong></span> <span class='ocrx_word' id='word_1_301' title='bbox 1375 2461 1382 2500; x_wconf 90' lang='lat'>:</span> <span class='ocrx_word' id='word_1_302' title='bbox 1399 2459 1465 2502; x_wconf 91' lang='lat' dir='ltr'><strong>uno</strong></span> <span class='ocrx_word' id='word_1_303' title='bbox 1479 2443 1590 2517; x_wconf 91' lang='lat' dir='ltr'><strong>modo,</strong></span> <span class='ocrx_word' id='word_1_304' title='bbox 1610 2445 1636 2504; x_wconf 90' lang='lat' dir='ltr'><strong>si</strong></span> <span class='ocrx_word' id='word_1_305' title='bbox 1658 2447 1805 2524; x_wconf 86' lang='lat' dir='ltr'><strong>promisit</strong></span> 
     </span>
     <span class='ocr_line' id='line_1_28' title="bbox 208 2517 1805 2603; baseline -0.002 -17"><span class='ocrx_word' id='word_1_306' title='bbox 208 2521 257 2586; x_wconf 89' lang='lat' dir='ltr'><strong>Ad</strong></span> <span class='ocrx_word' id='word_1_307' title='bbox 282 2524 456 2589; x_wconf 89' lang='lat' dir='ltr'><strong>secundum</strong></span> <span class='ocrx_word' id='word_1_308' title='bbox 477 2523 647 2586; x_wconf 89' lang='lat' dir='ltr'><strong>dicendum</strong></span> <span class='ocrx_word' id='word_1_309' title='bbox 664 2521 748 2600; x_wconf 81' lang='lat' dir='ltr'><strong>quod</strong></span> <span class='ocrx_word' id='word_1_310' title='bbox 772 2525 959 2586; x_wconf 73' lang='lat' dir='ltr'><strong>obstetrices</strong></span> <span class='ocrx_word' id='word_1_311' title='bbox 1012 2517 1043 2576; x_wconf 94' lang='lat' dir='ltr'><strong>id</strong></span> <span class='ocrx_word' id='word_1_312' title='bbox 1060 2518 1146 2594; x_wconf 89' lang='lat' dir='ltr'><strong>quod</strong></span> <span class='ocrx_word' id='word_1_313' title='bbox 1158 2519 1323 2582; x_wconf 75' lang='lat' dir='ltr'><strong>manifiesll</strong></span> <span class='ocrx_word' id='word_1_314' title='bbox 1338 2528 1386 2582; x_wconf 89' lang='lat' dir='ltr'><strong>est</strong></span> <span class='ocrx_word' id='word_1_315' title='bbox 1399 2520 1558 2595; x_wconf 91' lang='lat' dir='ltr'><strong>illicitum,</strong></span> <span class='ocrx_word' id='word_1_316' title='bbox 1573 2524 1650 2601; x_wconf 89' lang='lat' dir='ltr'><strong>quia</strong></span> <span class='ocrx_word' id='word_1_317' title='bbox 1665 2526 1805 2603; x_wconf 86' lang='lat' dir='ltr'><strong>promit-</strong></span> 
     </span>
     <span class='ocr_line' id='line_1_29' title="bbox 167 2597 1804 2681; baseline -0.001 -17"><span class='ocrx_word' id='word_1_318' title='bbox 167 2619 236 2664; x_wconf 89' lang='lat' dir='ltr'><strong>uon</strong></span> <span class='ocrx_word' id='word_1_319' title='bbox 251 2610 326 2667; x_wconf 89' lang='lat' dir='ltr'><strong>sunt</strong></span> <span class='ocrx_word' id='word_1_320' title='bbox 341 2609 554 2666; x_wconf 80' lang='lat' dir='ltr'><strong>remuneratae</strong></span> <span class='ocrx_word' id='word_1_321' title='bbox 566 2617 625 2680; x_wconf 91' lang='lat' dir='ltr'><strong>pro</strong></span> <span class='ocrx_word' id='word_1_322' title='bbox 639 2601 815 2676; x_wconf 88' lang='lat' dir='ltr'><strong>mendacio,</strong></span> <span class='ocrx_word' id='word_1_323' title='bbox 835 2603 889 2664; x_wconf 87' lang='lat' dir='ltr'><strong>sed</strong></span> <span class='ocrx_word' id='word_1_324' title='bbox 902 2621 961 2681; x_wconf 90' lang='lat' dir='ltr'><strong>pro</strong></span> <span class='ocrx_word' id='word_1_325' title='bbox 1012 2597 1106 2657; x_wconf 84' lang='lat' dir='ltr'><strong>tendo</strong></span> <span class='ocrx_word' id='word_1_326' title='bbox 1124 2599 1282 2676; x_wconf 86' lang='lat' dir='ltr'><strong>peccavit,</strong></span> <span class='ocrx_word' id='word_1_327' title='bbox 1308 2599 1458 2660; x_wconf 88' lang='lat' dir='ltr'><strong>mutando</strong></span> <span class='ocrx_word' id='word_1_328' title='bbox 1478 2604 1586 2662; x_wconf 89' lang='lat' dir='ltr'><strong>autem</strong></span> <span class='ocrx_word' id='word_1_329' title='bbox 1604 2603 1804 2681; x_wconf 91' lang='lat' dir='ltr'><strong>propositum</strong></span> 
     </span>
     <span class='ocr_line' id='line_1_30' title="bbox 167 2674 1805 2760; baseline 0 -20"><span class='ocrx_word' id='word_1_330' title='bbox 167 2682 284 2744; x_wconf 91' lang='lat' dir='ltr'><strong>timore</strong></span> <span class='ocrx_word' id='word_1_331' title='bbox 297 2683 354 2745; x_wconf 86' lang='lat' dir='ltr'><strong>uei</strong></span> <span class='ocrx_word' id='word_1_332' title='bbox 367 2688 400 2746; x_wconf 90' lang='lat' dir='ltr'><strong>et</strong></span> <span class='ocrx_word' id='word_1_333' title='bbox 416 2678 655 2751; x_wconf 79' lang='lat' dir='ltr'><strong>benevolentia,</strong></span> <span class='ocrx_word' id='word_1_334' title='bbox 672 2698 714 2741; x_wconf 82' lang='lat' dir='ltr'><strong>ex</strong></span> <span class='ocrx_word' id='word_1_335' title='bbox 727 2679 794 2760; x_wconf 72' lang='lat' dir='ltr'><strong>qui</strong></span> <span class='ocrx_word' id='word_1_336' title='bbox 805 2685 962 2758; x_wconf 87' lang='lat' dir='ltr'><strong>processit</strong></span> <span class='ocrx_word' id='word_1_337' title='bbox 1011 2674 1093 2738; x_wconf 68' lang='lat' dir='ltr'><strong>belle</strong></span> <span class='ocrx_word' id='word_1_338' title='bbox 1107 2675 1197 2750; x_wconf 73' lang='lat' dir='ltr'><strong>faciit</strong></span> <span class='ocrx_word' id='word_1_339' title='bbox 1214 2677 1277 2738; x_wconf 77' lang='lat' dir='ltr'><strong>ulio</strong></span> <span class='ocrx_word' id='word_1_340' title='bbox 1290 2677 1398 2749; x_wconf 80' lang='lat' dir='ltr'><strong>modo,</strong></span> <span class='ocrx_word' id='word_1_341' title='bbox 1415 2679 1441 2740; x_wconf 90' lang='lat' dir='ltr'><strong>si</strong></span> <span class='ocrx_word' id='word_1_342' title='bbox 1456 2683 1531 2740; x_wconf 89' lang='lat' dir='ltr'><strong>sunt</strong></span> <span class='ocrx_word' id='word_1_343' title='bbox 1543 2687 1672 2744; x_wconf 75' lang='lat' dir='ltr'><strong>mutatae</strong></span> <span class='ocrx_word' id='word_1_344' title='bbox 1692 2683 1805 2742; x_wconf 88' lang='lat' dir='ltr'><strong>condi-</strong></span> 
     </span>
     <span class='ocr_line' id='line_1_31' title="bbox 166 2754 1804 2841; baseline 0.006 -29"><span class='ocrx_word' id='word_1_345' title='bbox 166 2760 380 2823; x_wconf 72' lang='lat' dir='ltr'><strong>mendacium,</strong></span> <span class='ocrx_word' id='word_1_346' title='bbox 402 2761 490 2823; x_wconf 71' lang='lat' dir='ltr'><strong>Unde</strong></span> <span class='ocrx_word' id='word_1_347' title='bbox 504 2761 670 2841; x_wconf 74' lang='lat' dir='ltr'><strong>signanter</strong></span> <span class='ocrx_word' id='word_1_348' title='bbox 683 2759 911 2820; x_wconf 73' lang='lat' dir='ltr'><strong>diciturssxod,</strong></span> <span class='ocrx_word' id='word_1_349' title='bbox 930 2763 959 2835; x_wconf 77' lang='lat'><strong>1,</strong></span> <span class='ocrx_word' id='word_1_350' title='bbox 1011 2754 1115 2816; x_wconf 88' lang='lat' dir='ltr'><strong>tiones</strong></span> <span class='ocrx_word' id='word_1_351' title='bbox 1137 2773 1347 2834; x_wconf 81' lang='lat' dir='ltr'><strong>personarum</strong></span> <span class='ocrx_word' id='word_1_352' title='bbox 1371 2762 1401 2818; x_wconf 91' lang='lat' dir='ltr'><strong>et</strong></span> <span class='ocrx_word' id='word_1_353' title='bbox 1421 2759 1633 2838; x_wconf 80' lang='lat' dir='ltr'><strong>negotiorum.</strong></span> <span class='ocrx_word' id='word_1_354' title='bbox 1654 2761 1693 2822; x_wconf 91' lang='lat' dir='ltr'><strong>Ut</strong></span> <span class='ocrx_word' id='word_1_355' title='bbox 1719 2761 1804 2822; x_wconf 84' lang='lat' dir='ltr'><strong>enim</strong></span> 
     </span>
     <span class='ocr_line' id='line_1_32' title="bbox 165 2831 1803 2932; baseline 0.001 -35"><span class='ocrx_word' id='word_1_356' title='bbox 165 2837 204 2898; x_wconf 78' lang='lat'><strong>21</strong></span> <span class='ocrx_word' id='word_1_357' title='bbox 222 2857 230 2898; x_wconf 74' lang='grc' dir='ltr'><strong><em>ε</em></strong></span> <span class='ocrx_word' id='word_1_358' title='bbox 244 2839 291 2899; x_wconf 83' lang='grc' dir='ltr'><strong>Ε1</strong></span> <span class='ocrx_word' id='word_1_359' title='bbox 303 2842 377 2932; x_wconf 84' lang='lat' dir='ltr'><strong>quic</strong></span> <span class='ocrx_word' id='word_1_360' title='bbox 389 2841 556 2902; x_wconf 84' lang='lat' dir='ltr'><strong>timuerunt</strong></span> <span class='ocrx_word' id='word_1_361' title='bbox 573 2837 751 2900; x_wconf 79' lang='lat' dir='ltr'><strong>obstetrices</strong></span> <span class='ocrx_word' id='word_1_362' title='bbox 765 2839 871 2906; x_wconf 82' lang='lat' dir='ltr'><strong>Deum,</strong></span> <span class='ocrx_word' id='word_1_363' title='bbox 887 2839 961 2901; x_wconf 80' lang='lat' dir='ltr'><strong>udi·</strong></span> <span class='ocrx_word' id='word_1_364' title='bbox 1012 2831 1131 2898; x_wconf 80' lang='lat' dir='ltr'><strong>Seneca</strong></span> <span class='ocrx_word' id='word_1_365' title='bbox 1142 2835 1216 2896; x_wconf 92' lang='lat' dir='ltr'><strong>dicit</strong></span> <span class='ocrx_word' id='word_1_366' title='bbox 1226 2836 1257 2896; x_wconf 87' lang='lat' dir='ltr'><strong>in</strong></span> <span class='ocrx_word' id='word_1_367' title='bbox 1272 2837 1326 2896; x_wconf 91' lang='lat' dir='ltr'><strong>lib.</strong></span> <span class='ocrx_word' id='word_1_368' title='bbox 1338 2833 1357 2894; x_wconf 81' lang='grc'><strong>1</strong></span> <span class='ocrx_word' id='word_1_369' title='bbox 1370 2836 1408 2896; x_wconf 91' lang='lat' dir='ltr'><strong>de</strong></span> <span class='ocrx_word' id='word_1_370' title='bbox 1419 2837 1569 2912; x_wconf 81' lang='lat' dir='ltr'><strong>Benefic,</strong></span> <span class='ocrx_word' id='word_1_371' title='bbox 1580 2856 1650 2917; x_wconf 90' lang='lat' dir='ltr'><strong>cap.</strong></span> <span class='ocrx_word' id='word_1_372' title='bbox 1664 2839 1803 2912; x_wconf 77' lang='grc'><strong>311135,</strong></span> 
     </span>
     <span class='ocr_line' id='line_1_33' title="bbox 166 2911 1806 2998; baseline 0.001 -20"><span class='ocrx_word' id='word_1_373' title='bbox 166 2918 274 2998; x_wconf 76' lang='lat' dir='ltr'><strong>ficncit</strong></span> <span class='ocrx_word' id='word_1_374' title='bbox 299 2917 364 2982; x_wconf 81' lang='lat' dir='ltr'><strong>titis</strong></span> <span class='ocrx_word' id='word_1_375' title='bbox 389 2919 505 2981; x_wconf 88' lang='lat' dir='ltr'><strong>domos.</strong></span> <span class='ocrx_word' id='word_1_376' title='bbox 527 2916 729 2980; x_wconf 86' lang='lat' dir='ltr'><strong>Mendacium</strong></span> <span class='ocrx_word' id='word_1_377' title='bbox 749 2917 826 2981; x_wconf 80' lang='lat' dir='ltr'><strong>verb</strong></span> <span class='ocrx_word' id='word_1_378' title='bbox 849 2923 961 2997; x_wconf 91' lang='lat' dir='ltr'><strong>postea</strong></span> <span class='ocrx_word' id='word_1_379' title='bbox 1011 2911 1125 2976; x_wconf 88' lang='lat' dir='ltr'><strong>adhoc</strong></span> <span class='ocrx_word' id='word_1_380' title='bbox 1140 2914 1225 2991; x_wconf 87' lang='lat' dir='ltr'><strong>qubd</strong></span> <span class='ocrx_word' id='word_1_381' title='bbox 1241 2913 1336 2974; x_wconf 90' lang='lat' dir='ltr'><strong>borno</strong></span> <span class='ocrx_word' id='word_1_382' title='bbox 1352 2921 1498 2977; x_wconf 88' lang='lat' dir='ltr'><strong>teneatur</strong></span> <span class='ocrx_word' id='word_1_383' title='bbox 1513 2916 1615 2979; x_wconf 90' lang='lat' dir='ltr'><strong>iacere</strong></span> <span class='ocrx_word' id='word_1_384' title='bbox 1629 2918 1714 2997; x_wconf 90' lang='lat' dir='ltr'><strong>quod</strong></span> <span class='ocrx_word' id='word_1_385' title='bbox 1730 2936 1806 2997; x_wconf 90' lang='lat' dir='ltr'><strong>pro-</strong></span> 
     </span>
     <span class='ocr_line' id='line_1_34' title="bbox 148 2991 1806 3076; baseline 0 -18"><span class='ocrx_word' id='word_1_386' title='bbox 148 3013 307 3074; x_wconf 73' lang='lat' dir='ltr'><strong>,seqnens</strong></span> <span class='ocrx_word' id='word_1_387' title='bbox 318 3015 383 3058; x_wconf 90' lang='lat' dir='ltr'><strong>non</strong></span> <span class='ocrx_word' id='word_1_388' title='bbox 399 2997 457 3059; x_wconf 90' lang='lat' dir='ltr'><strong>init</strong></span> <span class='ocrx_word' id='word_1_389' title='bbox 470 2998 682 3059; x_wconf 91' lang='lat' dir='ltr'><strong>meritorium.</strong></span> <span class='ocrx_word' id='word_1_390' title='bbox 920 3031 926 3044; x_wconf 86' lang='lat'>·</span> <span class='ocrx_word' id='word_1_391' title='bbox 1013 2991 1115 3065; x_wconf 89' lang='lat' dir='ltr'><strong>misit,</strong></span> <span class='ocrx_word' id='word_1_392' title='bbox 1133 2993 1309 3071; x_wconf 88' lang='lat' dir='ltr'><strong>requiritur</strong></span> <span class='ocrx_word' id='word_1_393' title='bbox 1320 2993 1406 3072; x_wconf 87' lang='lat' dir='ltr'><strong>qubd</strong></span> <span class='ocrx_word' id='word_1_394' title='bbox 1423 2995 1531 3058; x_wconf 90' lang='lat' dir='ltr'><strong>omnia</strong></span> <span class='ocrx_word' id='word_1_395' title='bbox 1546 2997 1713 3060; x_wconf 90' lang='lat' dir='ltr'><strong>immutata</strong></span> <span class='ocrx_word' id='word_1_396' title='bbox 1727 3017 1806 3076; x_wconf 90' lang='lat' dir='ltr'><strong>pcr-</strong></span> 
     </span>
     <span class='ocr_line' id='line_1_35' title="bbox 208 3073 1805 3155; baseline 0.002 -21"><span class='ocrx_word' id='word_1_397' title='bbox 208 3076 255 3135; x_wconf 91' lang='lat' dir='ltr'><strong>Ad</strong></span> <span class='ocrx_word' id='word_1_398' title='bbox 277 3077 404 3140; x_wconf 91' lang='lat' dir='ltr'><strong>tertium</strong></span> <span class='ocrx_word' id='word_1_399' title='bbox 422 3076 588 3139; x_wconf 90' lang='lat' dir='ltr'><strong>dicendum</strong></span> <span class='ocrx_word' id='word_1_400' title='bbox 603 3073 690 3152; x_wconf 84' lang='lat' dir='ltr'><strong>qubd</strong></span> <span class='ocrx_word' id='word_1_401' title='bbox 706 3074 739 3137; x_wconf 91' lang='lat' dir='ltr'><strong>in</strong></span> <span class='ocrx_word' id='word_1_402' title='bbox 762 3073 854 3138; x_wconf 74' lang='lat' dir='ltr'><strong>sacri</strong></span> <span class='ocrx_word' id='word_1_403' title='bbox 875 3075 962 3137; x_wconf 89' lang='lat' dir='ltr'><strong>Scri·</strong></span> <span class='ocrx_word' id='word_1_404' title='bbox 1012 3078 1188 3134; x_wconf 83' lang='lat' dir='ltr'><strong>maneant:</strong></span> <span class='ocrx_word' id='word_1_405' title='bbox 1207 3073 1350 3151; x_wconf 89' lang='lat' dir='ltr'><strong>alioquin</strong></span> <span class='ocrx_word' id='word_1_406' title='bbox 1364 3091 1424 3146; x_wconf 48' lang='lat' dir='ltr'><strong>,nec</strong></span> <span class='ocrx_word' id='word_1_407' title='bbox 1442 3074 1502 3135; x_wconf 89' lang='lat' dir='ltr'><strong>luit</strong></span> <span class='ocrx_word' id='word_1_408' title='bbox 1520 3075 1659 3138; x_wconf 81' lang='lat' dir='ltr'><strong>mendax</strong></span> <span class='ocrx_word' id='word_1_409' title='bbox 1675 3079 1708 3137; x_wconf 91' lang='lat' dir='ltr'><strong>in</strong></span> <span class='ocrx_word' id='word_1_410' title='bbox 1724 3095 1805 3155; x_wconf 92' lang='lat' dir='ltr'><strong>pro-</strong></span> 
     </span>
     <span class='ocr_line' id='line_1_36' title="bbox 165 3149 1806 3236; baseline 0.002 -22"><span class='ocrx_word' id='word_1_411' title='bbox 165 3151 274 3232; x_wconf 78' lang='lat' dir='ltr'><strong>pturA‚</strong></span> <span class='ocrx_word' id='word_1_412' title='bbox 290 3159 327 3216; x_wconf 90' lang='lat' dir='ltr'><strong>ul</strong></span> <span class='ocrx_word' id='word_1_413' title='bbox 340 3155 538 3236; x_wconf 81' lang='lat' dir='ltr'><strong>Augustinus</strong></span> <span class='ocrx_word' id='word_1_414' title='bbox 553 3154 639 3228; x_wconf 90' lang='lat' dir='ltr'><strong>dicit,</strong></span> <span class='ocrx_word' id='word_1_415' title='bbox 655 3155 710 3216; x_wconf 91' lang='lat' dir='ltr'><strong>lib.</strong></span> <span class='ocrx_word' id='word_1_416' title='bbox 730 3156 768 3216; x_wconf 92' lang='lat' dir='ltr'><strong>de</strong></span> <span class='ocrx_word' id='word_1_417' title='bbox 780 3153 959 3228; x_wconf 89' lang='lat' dir='ltr'><strong>Mendacio,</strong></span> <span class='ocrx_word' id='word_1_418' title='bbox 1011 3149 1185 3222; x_wconf 64' lang='lat' dir='ltr'><strong>militando,</strong></span> <span class='ocrx_word' id='word_1_419' title='bbox 1217 3153 1294 3228; x_wconf 75' lang='lat' dir='ltr'><strong>auia</strong></span> <span class='ocrx_word' id='word_1_420' title='bbox 1323 3153 1467 3230; x_wconf 90' lang='lat' dir='ltr'><strong>promisit</strong></span> <span class='ocrx_word' id='word_1_421' title='bbox 1492 3155 1578 3232; x_wconf 91' lang='lat' dir='ltr'><strong>quod</strong></span> <span class='ocrx_word' id='word_1_422' title='bbox 1606 3155 1742 3218; x_wconf 90' lang='lat' dir='ltr'><strong>babebat</strong></span> <span class='ocrx_word' id='word_1_423' title='bbox 1773 3158 1806 3218; x_wconf 91' lang='lat' dir='ltr'><strong>in</strong></span> 
     </span>
     <span class='ocr_line' id='line_1_37' title="bbox 115 3231 1805 3312; baseline 0.002 -19"><span class='ocrx_word' id='word_1_424' title='bbox 115 3277 118 3282; x_wconf 86' lang='lat'>-</span> <span class='ocrx_word' id='word_1_425' title='bbox 166 3249 238 3310; x_wconf 88' lang='lat' dir='ltr'><strong>cap.</strong></span> <span class='ocrx_word' id='word_1_426' title='bbox 263 3231 298 3307; x_wconf 81' lang='lat'><strong>5,</strong></span> <span class='ocrx_word' id='word_1_427' title='bbox 327 3239 402 3296; x_wconf 90' lang='lat' dir='ltr'><strong>ants</strong></span> <span class='ocrx_word' id='word_1_428' title='bbox 428 3233 529 3306; x_wconf 81' lang='lat' dir='ltr'><strong>med,</strong></span> <span class='ocrx_word' id='word_1_429' title='bbox 553 3233 749 3294; x_wconf 91' lang='lat' dir='ltr'><strong>inducuntur</strong></span> <span class='ocrx_word' id='word_1_430' title='bbox 777 3235 960 3312; x_wconf 89' lang='lat' dir='ltr'><strong>aliquorum</strong></span> <span class='ocrx_word' id='word_1_431' title='bbox 1012 3233 1139 3303; x_wconf 89' lang='lat' dir='ltr'><strong>mente,</strong></span> <span class='ocrx_word' id='word_1_432' title='bbox 1161 3231 1390 3292; x_wconf 81' lang='lat' dir='ltr'><strong>subintellcctis</strong></span> <span class='ocrx_word' id='word_1_433' title='bbox 1412 3233 1526 3293; x_wconf 85' lang='lat' dir='ltr'><strong>debitis</strong></span> <span class='ocrx_word' id='word_1_434' title='bbox 1548 3234 1805 3308; x_wconf 88' lang='lat' dir='ltr'><strong>conditionibus;</strong></span> 
     </span>
     <span class='ocr_line' id='line_1_38' title="bbox 166 3309 1806 3392; baseline -0.001 -18"><span class='ocrx_word' id='word_1_435' title='bbox 166 3317 277 3392; x_wconf 69' lang='lat' dir='ltr'><strong>gesta,</strong></span> <span class='ocrx_word' id='word_1_436' title='bbox 301 3313 394 3390; x_wconf 86' lang='lat' dir='ltr'><strong>quasi</strong></span> <span class='ocrx_word' id='word_1_437' title='bbox 416 3313 564 3392; x_wconf 79' lang='lat' dir='ltr'><strong>exempla</strong></span> <span class='ocrx_word' id='word_1_438' title='bbox 584 3313 732 3390; x_wconf 74' lang='lat' dir='ltr'><strong>perfecta</strong></span> <span class='ocrx_word' id='word_1_439' title='bbox 755 3312 899 3383; x_wconf 87' lang='lat' dir='ltr'><strong>virtulis;</strong></span> <span class='ocrx_word' id='word_1_440' title='bbox 922 3313 960 3374; x_wconf 88' lang='lat' dir='ltr'><strong>de</strong></span> <span class='ocrx_word' id='word_1_441' title='bbox 1012 3323 1072 3368; x_wconf 89' lang='lat' dir='ltr'><strong>nec</strong></span> <span class='ocrx_word' id='word_1_442' title='bbox 1096 3310 1191 3370; x_wconf 87' lang='lat' dir='ltr'><strong>etiam</strong></span> <span class='ocrx_word' id='word_1_443' title='bbox 1217 3313 1265 3369; x_wconf 89' lang='lat' dir='ltr'><strong>est</strong></span> <span class='ocrx_word' id='word_1_444' title='bbox 1288 3309 1423 3371; x_wconf 85' lang='lat' dir='ltr'><strong>infidelis</strong></span> <span class='ocrx_word' id='word_1_445' title='bbox 1449 3328 1513 3371; x_wconf 92' lang='lat' dir='ltr'><strong>non</strong></span> <span class='ocrx_word' id='word_1_446' title='bbox 1536 3312 1696 3389; x_wconf 89' lang='lat' dir='ltr'><strong>implendo</strong></span> <span class='ocrx_word' id='word_1_447' title='bbox 1720 3315 1806 3391; x_wconf 88' lang='lat' dir='ltr'><strong>quod</strong></span> 
     </span>
     <span class='ocr_line' id='line_1_39' title="bbox 166 3386 1805 3468; baseline 0.005 -24"><span class='ocrx_word' id='word_1_448' title='bbox 166 3390 284 3468; x_wconf 83' lang='lat' dir='ltr'><strong>quibus</strong></span> <span class='ocrx_word' id='word_1_449' title='bbox 296 3408 362 3452; x_wconf 78' lang='lat' dir='ltr'><strong>non</strong></span> <span class='ocrx_word' id='word_1_450' title='bbox 375 3396 423 3453; x_wconf 79' lang='lat' dir='ltr'><strong>est</strong></span> <span class='ocrx_word' id='word_1_451' title='bbox 439 3391 661 3454; x_wconf 62' lang='lat' dir='ltr'><strong>nstimandum</strong></span> <span class='ocrx_word' id='word_1_452' title='bbox 675 3408 729 3452; x_wconf 77' lang='lat' dir='ltr'><strong>eos</strong></span> <span class='ocrx_word' id='word_1_453' title='bbox 749 3389 845 3452; x_wconf 75' lang='lat' dir='ltr'><strong>luisse</strong></span> <span class='ocrx_word' id='word_1_454' title='bbox 864 3409 962 3453; x_wconf 80' lang='lat' dir='ltr'><strong>men·</strong></span> <span class='ocrx_word' id='word_1_455' title='bbox 1012 3386 1170 3462; x_wconf 89' lang='lat' dir='ltr'><strong>promisit,</strong></span> <span class='ocrx_word' id='word_1_456' title='bbox 1182 3388 1385 3464; x_wconf 80' lang='lat' dir='ltr'><strong>quiaenrdem</strong></span> <span class='ocrx_word' id='word_1_457' title='bbox 1395 3388 1592 3450; x_wconf 87' lang='lat' dir='ltr'><strong>conditiones</strong></span> <span class='ocrx_word' id='word_1_458' title='bbox 1605 3406 1670 3450; x_wconf 92' lang='lat' dir='ltr'><strong>non</strong></span> <span class='ocrx_word' id='word_1_459' title='bbox 1682 3395 1805 3454; x_wconf 84' lang='lat' dir='ltr'><strong>extant.</strong></span> 
     </span>
     <span class='ocr_line' id='line_1_40' title="bbox 165 3457 1806 3608; baseline 0.004 -81"><span class='ocrx_word' id='word_1_460' title='bbox 165 3467 253 3530; x_wconf 91' lang='lat' dir='ltr'><strong>titos.</strong></span> <span class='ocrx_word' id='word_1_461' title='bbox 267 3468 298 3530; x_wconf 90' lang='lat' dir='ltr'><strong>Si</strong></span> <span class='ocrx_word' id='word_1_462' title='bbox 313 3487 385 3549; x_wconf 80' lang='lat' dir='ltr'><strong>quse</strong></span> <span class='ocrx_word' id='word_1_463' title='bbox 396 3469 545 3564; x_wconf 79' lang='lat' dir='ltr'><strong>tamenin</strong></span> <span class='ocrx_word' id='word_1_464' title='bbox 557 3471 769 3562; x_wconf 76' lang='lat' dir='ltr'><strong>eorumdiclis</strong></span> <span class='ocrx_word' id='word_1_465' title='bbox 783 3457 978 3608; x_wconf 48' lang='lat' dir='ltr'><strong>sigiricum.</strong></span> <span class='ocrx_word' id='word_1_466' title='bbox 1012 3463 1100 3556; x_wconf 62' lang='lat' dir='ltr'><strong>Unde</strong></span> <span class='ocrx_word' id='word_1_467' title='bbox 1115 3467 1330 3558; x_wconf 34' lang='grc' dir='ltr'><strong>1111101101υὸ</strong></span> <span class='ocrx_word' id='word_1_468' title='bbox 1346 3484 1410 3527; x_wconf 79' lang='lat' dir='ltr'><strong>uon</strong></span> <span class='ocrx_word' id='word_1_469' title='bbox 1425 3473 1474 3560; x_wconf 63' lang='lat' dir='ltr'><strong>est</strong></span> <span class='ocrx_word' id='word_1_470' title='bbox 1486 3469 1653 3542; x_wconf 72' lang='lat' dir='ltr'><strong>mentitus,</strong></span> <span class='ocrx_word' id='word_1_471' title='bbox 1668 3469 1724 3547; x_wconf 76' lang='lat' dir='ltr'><strong>(tui</strong></span> <span class='ocrx_word' id='word_1_472' title='bbox 1734 3466 1806 3562; x_wconf 62' lang='lat' dir='ltr'><strong>‘uon</strong></span> 
     </span>
     <span class='ocr_line' id='line_1_41' title="bbox 165 3543 1808 3720; baseline 0.002 -34"><span class='ocrx_word' id='word_1_473' title='bbox 165 3549 961 3720; x_wconf 59' lang='grc'><strong>111111111111111111111111111111</strong></span> <span class='ocrx_word' id='word_1_474' title='bbox 1011 3547 1074 3696; x_wconf 77' lang='lat' dir='ltr'><strong>ul,</strong></span> <span class='ocrx_word' id='word_1_475' title='bbox 1085 3543 1284 3684; x_wconf 62' lang='grc'><strong>11111111</strong></span> <span class='ocrx_word' id='word_1_476' title='bbox 1297 3545 1548 3698; x_wconf 72' lang='lat' dir='ltr'><strong>ttttttult</strong></span> <span class='ocrx_word' id='word_1_477' title='bbox 1562 3565 1808 3706; x_wconf 55' lang='lat' dir='ltr'><strong>{Midili}</strong></span> 
     </span>
     <span class='ocr_line' id='line_1_42' title="bbox 167 3699 1602 3782; baseline -0.001 -18"><span class='ocrx_word' id='word_1_478' title='bbox 167 3704 367 3782; x_wconf 80' lang='lat' dir='ltr'><strong>Augustinus</strong></span> <span class='ocrx_word' id='word_1_479' title='bbox 386 3707 461 3768; x_wconf 92' lang='lat' dir='ltr'><strong>dicit</strong></span> <span class='ocrx_word' id='word_1_480' title='bbox 475 3723 507 3767; x_wconf 84' lang='lat' dir='ltr'><strong>in</strong></span> <span class='ocrx_word' id='word_1_481' title='bbox 521 3708 576 3768; x_wconf 90' lang='lat' dir='ltr'><strong>bb.</strong></span> <span class='ocrx_word' id='word_1_482' title='bbox 588 3707 626 3767; x_wconf 91' lang='lat' dir='ltr'><strong>de</strong></span> <span class='ocrx_word' id='word_1_483' title='bbox 640 3705 796 3779; x_wconf 79' lang='lat' dir='ltr'><strong>Mendac,</strong></span> <span class='ocrx_word' id='word_1_484' title='bbox 811 3707 959 3768; x_wconf 79' lang='lat' dir='ltr'><strong>locuit:</strong></span> <span class='ocrx_word' id='word_1_485' title='bbox 1012 3699 1239 3779; x_wconf 86' lang='lat' dir='ltr'><strong>impedimenta</strong></span> <span class='ocrx_word' id='word_1_486' title='bbox 1277 3720 1325 3764; x_wconf 81' lang='lat' dir='ltr'><strong>oce</strong></span> <span class='ocrx_word' id='word_1_487' title='bbox 1338 3708 1602 3782; x_wconf 88' lang='lat' dir='ltr'><strong>supervenerant.</strong></span> 
     </span>
     <span class='ocr_line' id='line_1_43' title="bbox 168 3721 1807 3874; baseline 0.005 -34"><span class='ocrx_word' id='word_1_488' title='bbox 168 3781 394 3874; x_wconf 77' lang='lat' dir='ltr'><strong>«Credendum</strong></span> <span class='ocrx_word' id='word_1_489' title='bbox 411 3789 460 3848; x_wconf 92' lang='lat' dir='ltr'><strong>est</strong></span> <span class='ocrx_word' id='word_1_490' title='bbox 474 3786 544 3846; x_wconf 90' lang='lat' dir='ltr'><strong>illos</strong></span> <span class='ocrx_word' id='word_1_491' title='bbox 561 3785 706 3846; x_wconf 90' lang='lat' dir='ltr'><strong>homines</strong></span> <span class='ocrx_word' id='word_1_492' title='bbox 719 3787 774 3864; x_wconf 88' lang='lat' dir='ltr'><strong>qui</strong></span> <span class='ocrx_word' id='word_1_493' title='bbox 789 3785 961 3865; x_wconf 88' lang='lat' dir='ltr'><strong>propbcli-</strong></span> <span class='ocrx_word' id='word_1_494' title='bbox 1052 3780 1099 3842; x_wconf 89' lang='lat' dir='ltr'><strong>Ad</strong></span> <span class='ocrx_word' id='word_1_495' title='bbox 1117 3788 1243 3874; x_wconf 78' lang='lat' dir='ltr'><strong>scutum</strong></span> <span class='ocrx_word' id='word_1_496' title='bbox 1253 3721 1424 3844; x_wconf 43' lang='lat' dir='ltr'><strong>dicendum</strong></span> <span class='ocrx_word' id='word_1_497' title='bbox 1437 3783 1522 3861; x_wconf 80' lang='lat' dir='ltr'><strong>quod</strong></span> <span class='ocrx_word' id='word_1_498' title='bbox 1537 3785 1682 3862; x_wconf 91' lang='lat' dir='ltr'><strong>operatio</strong></span> <span class='ocrx_word' id='word_1_499' title='bbox 1696 3785 1807 3864; x_wconf 86' lang='lat' dir='ltr'><strong>aliqua</strong></span> 
     </span>
     <span class='ocr_line' id='line_1_44' title="bbox 166 3861 1808 3944; baseline 0.004 -26"><span class='ocrx_word' id='word_1_500' title='bbox 166 3883 183 3918; x_wconf 74' lang='grc' dir='ltr'>ι</span> <span class='ocrx_word' id='word_1_501' title='bbox 196 3879 241 3923; x_wconf 88' lang='lat' dir='ltr'><strong>crs</strong></span> <span class='ocrx_word' id='word_1_502' title='bbox 254 3864 450 3943; x_wconf 87' lang='lat' dir='ltr'><strong>temporibus</strong></span> <span class='ocrx_word' id='word_1_503' title='bbox 463 3864 550 3944; x_wconf 78' lang='lat' dir='ltr'><strong>digni</strong></span> <span class='ocrx_word' id='word_1_504' title='bbox 561 3863 751 3926; x_wconf 85' lang='lat' dir='ltr'><strong>auctoritate</strong></span> <span class='ocrx_word' id='word_1_505' title='bbox 762 3864 860 3926; x_wconf 86' lang='lat' dir='ltr'><strong>luisse</strong></span> <span class='ocrx_word' id='word_1_506' title='bbox 874 3881 960 3926; x_wconf 92' lang='lat' dir='ltr'><strong>com·</strong></span> <span class='ocrx_word' id='word_1_507' title='bbox 1012 3863 1118 3937; x_wconf 89' lang='lat' dir='ltr'><strong>polest</strong></span> <span class='ocrx_word' id='word_1_508' title='bbox 1132 3861 1329 3924; x_wconf 82' lang='lat' dir='ltr'><strong>considerari</strong></span> <span class='ocrx_word' id='word_1_509' title='bbox 1342 3861 1510 3940; x_wconf 88' lang='lat' dir='ltr'><strong>dupliciter</strong></span> <span class='ocrx_word' id='word_1_510' title='bbox 1526 3882 1533 3922; x_wconf 91' lang='lat'><strong>:</strong></span> <span class='ocrx_word' id='word_1_511' title='bbox 1551 3881 1618 3924; x_wconf 91' lang='lat' dir='ltr'><strong>uno</strong></span> <span class='ocrx_word' id='word_1_512' title='bbox 1636 3864 1729 3925; x_wconf 91' lang='lat' dir='ltr'><strong>modo</strong></span> <span class='ocrx_word' id='word_1_513' title='bbox 1750 3884 1808 3927; x_wconf 89' lang='lat' dir='ltr'><strong>se-</strong></span> 
     </span>
     <span class='ocr_line' id='line_1_45' title="bbox 166 3939 1808 4023; baseline 0.005 -26"><span class='ocrx_word' id='word_1_514' title='bbox 166 3947 431 4016; x_wconf 82' lang='lat' dir='ltr'><strong>«memorantur,</strong></span> <span class='ocrx_word' id='word_1_515' title='bbox 457 3944 567 4004; x_wconf 91' lang='lat' dir='ltr'><strong>omnia</strong></span> <span class='ocrx_word' id='word_1_516' title='bbox 590 3961 662 4021; x_wconf 79' lang='lat' dir='ltr'><strong>ques</strong></span> <span class='ocrx_word' id='word_1_517' title='bbox 689 3943 809 4023; x_wconf 88' lang='lat' dir='ltr'><strong>scripta</strong></span> <span class='ocrx_word' id='word_1_518' title='bbox 828 3948 903 4005; x_wconf 89' lang='lat' dir='ltr'><strong>sunl</strong></span> <span class='ocrx_word' id='word_1_519' title='bbox 921 3943 960 4006; x_wconf 89' lang='lat' dir='ltr'><strong>de</strong></span> <span class='ocrx_word' id='word_1_520' title='bbox 1013 3939 1319 4018; x_wconf 80' lang='lat' dir='ltr'><strong>cundbmseipsam3</strong></span> <span class='ocrx_word' id='word_1_521' title='bbox 1335 3941 1553 4003; x_wconf 86' lang='lat' dir='ltr'><strong>aliomodoex</strong></span> <span class='ocrx_word' id='word_1_522' title='bbox 1567 3947 1808 4022; x_wconf 86' lang='lat' dir='ltr'><strong>partcopernn-</strong></span> 
     </span>
     <span class='ocr_line' id='line_1_46' title="bbox 166 4017 1808 4102; baseline 0.006 -27"><span class='ocrx_word' id='word_1_523' title='bbox 166 4043 181 4074; x_wconf 76' lang='lat' dir='ltr'><strong>s</strong></span> <span class='ocrx_word' id='word_1_524' title='bbox 193 4017 276 4093; x_wconf 93' lang='lat' dir='ltr'><strong>illis,</strong></span> <span class='ocrx_word' id='word_1_525' title='bbox 298 4021 483 4101; x_wconf 78' lang='lat' dir='ltr'><strong>prophetice</strong></span> <span class='ocrx_word' id='word_1_526' title='bbox 506 4023 643 4102; x_wconf 81' lang='lat' dir='ltr'><strong>gessisse</strong></span> <span class='ocrx_word' id='word_1_527' title='bbox 669 4027 767 4101; x_wconf 89' lang='lat' dir='ltr'><strong>atque</strong></span> <span class='ocrx_word' id='word_1_528' title='bbox 791 4023 922 4084; x_wconf 80' lang='lat' dir='ltr'><strong>dixisse.</strong></span> <span class='ocrx_word' id='word_1_529' title='bbox 944 4045 958 4082; x_wconf 78' lang='lat' dir='ltr'><strong>r</strong></span> <span class='ocrx_word' id='word_1_530' title='bbox 1012 4019 1064 4079; x_wconf 91' lang='lat' dir='ltr'><strong>tis.</strong></span> <span class='ocrx_word' id='word_1_531' title='bbox 1078 4019 1281 4082; x_wconf 87' lang='lat' dir='ltr'><strong>Mendacium</strong></span> <span class='ocrx_word' id='word_1_532' title='bbox 1295 4038 1372 4100; x_wconf 82' lang='lat' dir='ltr'><strong>ergo</strong></span> <span class='ocrx_word' id='word_1_533' title='bbox 1386 4019 1533 4100; x_wconf 72' lang='lat' dir='ltr'><strong>iocosum</strong></span> <span class='ocrx_word' id='word_1_534' title='bbox 1550 4038 1591 4083; x_wconf 84' lang='lat' dir='ltr'><strong>ex</strong></span> <span class='ocrx_word' id='word_1_535' title='bbox 1607 4023 1677 4100; x_wconf 90' lang='lat' dir='ltr'><strong>ipso</strong></span> <span class='ocrx_word' id='word_1_536' title='bbox 1691 4041 1808 4102; x_wconf 84' lang='lat' dir='ltr'><strong>genere</strong></span> 
     </span>
     <span class='ocr_line' id='line_1_47' title="bbox 165 4099 1807 4181; baseline 0.004 -22"><span class='ocrx_word' id='word_1_537' title='bbox 165 4099 466 4174; x_wconf 64' lang='lat' dir='ltr'><strong>torneamentum,</strong></span> <span class='ocrx_word' id='word_1_538' title='bbox 485 4107 521 4162; x_wconf 93' lang='lat' dir='ltr'><strong>ut</strong></span> <span class='ocrx_word' id='word_1_539' title='bbox 541 4103 740 4181; x_wconf 79' lang='lat' dir='ltr'><strong>Augustinus</strong></span> <span class='ocrx_word' id='word_1_540' title='bbox 754 4101 828 4164; x_wconf 91' lang='lat' dir='ltr'><strong>dicit</strong></span> <span class='ocrx_word' id='word_1_541' title='bbox 846 4101 878 4162; x_wconf 94' lang='lat' dir='ltr'><strong>in</strong></span> <span class='ocrx_word' id='word_1_542' title='bbox 893 4103 958 4178; x_wconf 85' lang='lat' dir='ltr'><strong>QQ.</strong></span> <span class='ocrx_word' id='word_1_543' title='bbox 1012 4099 1118 4176; x_wconf 88' lang='lat' dir='ltr'><strong>operis</strong></span> <span class='ocrx_word' id='word_1_544' title='bbox 1134 4099 1231 4162; x_wconf 88' lang='lat' dir='ltr'><strong>babet</strong></span> <span class='ocrx_word' id='word_1_545' title='bbox 1246 4100 1404 4161; x_wconf 85' lang='lat' dir='ltr'><strong>rationem</strong></span> <span class='ocrx_word' id='word_1_546' title='bbox 1428 4099 1574 4176; x_wconf 87' lang='lat' dir='ltr'><strong>iallcndi;</strong></span> <span class='ocrx_word' id='word_1_547' title='bbox 1599 4100 1746 4180; x_wconf 84' lang='lat' dir='ltr'><strong>quamvis</strong></span> <span class='ocrx_word' id='word_1_548' title='bbox 1766 4121 1807 4166; x_wconf 82' lang='lat' dir='ltr'><strong>ex</strong></span> 
     </span>
     <span class='ocr_line' id='line_1_48' title="bbox 165 4177 1806 4318; baseline 0.002 -79"><span class='ocrx_word' id='word_1_549' title='bbox 165 4193 264 4256; x_wconf 88' lang='lat' dir='ltr'><strong>super</strong></span> <span class='ocrx_word' id='word_1_550' title='bbox 279 4179 407 4274; x_wconf 56' lang='lat' dir='ltr'><strong>Genea,</strong></span> <span class='ocrx_word' id='word_1_551' title='bbox 429 4198 486 4318; x_wconf 49' lang='lat' dir='ltr'><strong>sgr.</strong></span> <span class='ocrx_word' id='word_1_552' title='bbox 501 4180 551 4253; x_wconf 73' lang='lat' dir='ltr'><strong>ub,</strong></span> <span class='ocrx_word' id='word_1_553' title='bbox 574 4187 604 4242; x_wconf 97' lang='lat' dir='ltr'><strong>et</strong></span> <span class='ocrx_word' id='word_1_554' title='bbox 619 4183 673 4242; x_wconf 89' lang='lat' dir='ltr'><strong>lib.</strong></span> <span class='ocrx_word' id='word_1_555' title='bbox 695 4185 781 4243; x_wconf 91' lang='lat' dir='ltr'><strong>cont.</strong></span> <span class='ocrx_word' id='word_1_556' title='bbox 800 4180 958 4255; x_wconf 80' lang='lat' dir='ltr'><strong>Mundae,</strong></span> <span class='ocrx_word' id='word_1_557' title='bbox 1011 4177 1191 4241; x_wconf 89' lang='lat' dir='ltr'><strong>intentione</strong></span> <span class='ocrx_word' id='word_1_558' title='bbox 1203 4179 1335 4241; x_wconf 88' lang='lat' dir='ltr'><strong>dicentis</strong></span> <span class='ocrx_word' id='word_1_559' title='bbox 1351 4196 1416 4272; x_wconf 82' lang='lat' dir='ltr'><strong>nou</strong></span> <span class='ocrx_word' id='word_1_560' title='bbox 1430 4177 1555 4272; x_wconf 78' lang='lat' dir='ltr'><strong>dicatur</strong></span> <span class='ocrx_word' id='word_1_561' title='bbox 1568 4179 1607 4242; x_wconf 91' lang='lat' dir='ltr'><strong>ad</strong></span> <span class='ocrx_word' id='word_1_562' title='bbox 1620 4179 1806 4274; x_wconf 79' lang='lat' dir='ltr'><strong>fallendum,</strong></span> 
     </span>
     <span class='ocr_line' id='line_1_49' title="bbox 165 4256 1808 4428; baseline -0.005 -34"><span class='ocrx_word' id='word_1_563' title='bbox 165 4257 959 4412; x_wconf 56' lang='lat' dir='ltr'><strong>{usitat-tt..iustitie-tenuatis</strong></span> <span class='ocrx_word' id='word_1_564' title='bbox 1011 4256 1231 4428; x_wconf 63' lang='grc'><strong>1111111111</strong></span> <span class='ocrx_word' id='word_1_565' title='bbox 1246 4257 1808 4417; x_wconf 56' lang='grc' dir='ltr'><strong>1111111111ιέ11111111ιὲῗ</strong></span> 
     </span>
     <span class='ocr_line' id='line_1_50' title="bbox 166 4415 1808 4494; baseline 0.005 -24"><span class='ocrx_word' id='word_1_566' title='bbox 166 4435 180 4470; x_wconf 80' lang='grc' dir='ltr'>ι</span> <span class='ocrx_word' id='word_1_567' title='bbox 195 4415 298 4476; x_wconf 80' lang='lat' dir='ltr'><strong>voluit</strong></span> <span class='ocrx_word' id='word_1_568' title='bbox 311 4418 421 4491; x_wconf 90' lang='lat' dir='ltr'><strong>celari,</strong></span> <span class='ocrx_word' id='word_1_569' title='bbox 432 4425 464 4480; x_wconf 90' lang='lat' dir='ltr'><strong>et</strong></span> <span class='ocrx_word' id='word_1_570' title='bbox 477 4435 544 4479; x_wconf 92' lang='lat' dir='ltr'><strong>non</strong></span> <span class='ocrx_word' id='word_1_571' title='bbox 555 4418 755 4480; x_wconf 88' lang='lat' dir='ltr'><strong>mendacium</strong></span> <span class='ocrx_word' id='word_1_572' title='bbox 770 4419 831 4480; x_wconf 93' lang='lat' dir='ltr'><strong>dici</strong></span> <span class='ocrx_word' id='word_1_573' title='bbox 845 4439 853 4478; x_wconf 75' lang='grc' dir='ltr'><strong><em>ε</em></strong></span> <span class='ocrx_word' id='word_1_574' title='bbox 867 4436 960 4481; x_wconf 91' lang='lat' dir='ltr'><strong>soror</strong></span> <span class='ocrx_word' id='word_1_575' title='bbox 1012 4416 1207 4489; x_wconf 88' lang='lat' dir='ltr'><strong>cutronibus,</strong></span> <span class='ocrx_word' id='word_1_576' title='bbox 1223 4434 1296 4493; x_wconf 80' lang='lat' dir='ltr'><strong>qum</strong></span> <span class='ocrx_word' id='word_1_577' title='bbox 1309 4418 1342 4478; x_wconf 91' lang='lat' dir='ltr'><strong>in</strong></span> <span class='ocrx_word' id='word_1_578' title='bbox 1355 4415 1448 4480; x_wconf 76' lang='lat' dir='ltr'><strong>sacris</strong></span> <span class='ocrx_word' id='word_1_579' title='bbox 1458 4416 1622 4494; x_wconf 79' lang='lat' dir='ltr'><strong>Scriptura</strong></span> <span class='ocrx_word' id='word_1_580' title='bbox 1632 4419 1808 4480; x_wconf 85' lang='lat' dir='ltr'><strong>inveniun-</strong></span> 
     </span>
     <span class='ocr_line' id='line_1_51' title="bbox 165 4495 1807 4577; baseline 0.004 -24"><span class='ocrx_word' id='word_1_581' title='bbox 165 4495 279 4556; x_wconf 84' lang='lat' dir='ltr'><strong>«enim</strong></span> <span class='ocrx_word' id='word_1_582' title='bbox 299 4495 426 4570; x_wconf 90' lang='lat' dir='ltr'><strong>dicitur,</strong></span> <span class='ocrx_word' id='word_1_583' title='bbox 440 4498 517 4575; x_wconf 84' lang='lat' dir='ltr'><strong>quia</strong></span> <span class='ocrx_word' id='word_1_584' title='bbox 534 4497 602 4560; x_wconf 88' lang='lat' dir='ltr'><strong>tilia</strong></span> <span class='ocrx_word' id='word_1_585' title='bbox 623 4499 723 4577; x_wconf 90' lang='lat' dir='ltr'><strong>patris</strong></span> <span class='ocrx_word' id='word_1_586' title='bbox 748 4501 827 4560; x_wconf 89' lang='lat' dir='ltr'><strong>crat.</strong></span> <span class='ocrx_word' id='word_1_587' title='bbox 842 4520 856 4554; x_wconf 85' lang='lat'>»</span> <span class='ocrx_word' id='word_1_588' title='bbox 871 4498 960 4560; x_wconf 89' lang='lat' dir='ltr'><strong>Unde</strong></span> <span class='ocrx_word' id='word_1_589' title='bbox 1012 4497 1076 4568; x_wconf 91' lang='lat' dir='ltr'><strong>tur,</strong></span> <span class='ocrx_word' id='word_1_590' title='bbox 1091 4496 1182 4572; x_wconf 86' lang='lat' dir='ltr'><strong>quia,</strong></span> <span class='ocrx_word' id='word_1_591' title='bbox 1201 4495 1284 4556; x_wconf 89' lang='lat' dir='ltr'><strong>sicut</strong></span> <span class='ocrx_word' id='word_1_592' title='bbox 1298 4495 1498 4576; x_wconf 85' lang='lat' dir='ltr'><strong>Augustinus</strong></span> <span class='ocrx_word' id='word_1_593' title='bbox 1520 4495 1596 4558; x_wconf 89' lang='lat' dir='ltr'><strong>dicit</strong></span> <span class='ocrx_word' id='word_1_594' title='bbox 1614 4497 1649 4557; x_wconf 94' lang='lat' dir='ltr'><strong>in</strong></span> <span class='ocrx_word' id='word_1_595' title='bbox 1666 4498 1748 4560; x_wconf 91' lang='lat' dir='ltr'><strong>libro</strong></span> <span class='ocrx_word' id='word_1_596' title='bbox 1769 4498 1807 4560; x_wconf 91' lang='lat' dir='ltr'><strong>de</strong></span> 
     </span>
     <span class='ocr_line' id='line_1_52' title="bbox 164 4559 1808 4656; baseline 0.004 -22"><span class='ocrx_word' id='word_1_597' title='bbox 164 4573 275 4652; x_wconf 89' lang='lat' dir='ltr'><strong>etipse</strong></span> <span class='ocrx_word' id='word_1_598' title='bbox 289 4575 452 4638; x_wconf 86' lang='lat' dir='ltr'><strong>Abrabam</strong></span> <span class='ocrx_word' id='word_1_599' title='bbox 471 4576 546 4637; x_wconf 89' lang='lat' dir='ltr'><strong>dicit</strong></span> <span class='ocrx_word' id='word_1_600' title='bbox 570 4577 685 4638; x_wconf 89' lang='lat' dir='ltr'><strong>Genes.</strong></span> <span class='ocrx_word' id='word_1_601' title='bbox 703 4575 754 4647; x_wconf 77' lang='lat'><strong>20,</strong></span> <span class='ocrx_word' id='word_1_602' title='bbox 771 4577 827 4637; x_wconf 76' lang='lat'><strong>12:</strong></span> <span class='ocrx_word' id='word_1_603' title='bbox 848 4577 960 4638; x_wconf 78' lang='lat' dir='ltr'><strong>«Vere</strong></span> <span class='ocrx_word' id='word_1_604' title='bbox 1010 4572 1170 4646; x_wconf 75' lang='lat' dir='ltr'><strong>Mensae..</strong></span> <span class='ocrx_word' id='word_1_605' title='bbox 1181 4592 1250 4651; x_wconf 89' lang='lat' dir='ltr'><strong>cap.</strong></span> <span class='ocrx_word' id='word_1_606' title='bbox 1261 4559 1291 4648; x_wconf 69' lang='grc' dir='ltr'><strong>ὅ,</strong></span> <span class='ocrx_word' id='word_1_607' title='bbox 1304 4573 1490 4652; x_wconf 76' lang='lat' dir='ltr'><strong>aliquanta</strong></span> <span class='ocrx_word' id='word_1_608' title='bbox 1503 4574 1616 4653; x_wconf 76' lang='lat' dir='ltr'><strong>princ,</strong></span> <span class='ocrx_word' id='word_1_609' title='bbox 1630 4577 1808 4656; x_wconf 85' lang='lat' dir='ltr'><strong>«quidquid</strong></span> 
     </span>
     <span class='ocr_line' id='line_1_53' title="bbox 165 4651 1805 4735; baseline 0.004 -24"><span class='ocrx_word' id='word_1_610' title='bbox 165 4668 286 4714; x_wconf 80' lang='lat' dir='ltr'><strong>«soror</strong></span> <span class='ocrx_word' id='word_1_611' title='bbox 299 4671 370 4716; x_wconf 90' lang='lat' dir='ltr'><strong>mea</strong></span> <span class='ocrx_word' id='word_1_612' title='bbox 379 4660 438 4728; x_wconf 89' lang='lat' dir='ltr'><strong>est,</strong></span> <span class='ocrx_word' id='word_1_613' title='bbox 448 4653 513 4716; x_wconf 89' lang='lat' dir='ltr'><strong>lilia</strong></span> <span class='ocrx_word' id='word_1_614' title='bbox 526 4656 626 4735; x_wconf 89' lang='lat' dir='ltr'><strong>patris</strong></span> <span class='ocrx_word' id='word_1_615' title='bbox 636 4656 709 4728; x_wconf 92' lang='lat' dir='ltr'><strong>mei,</strong></span> <span class='ocrx_word' id='word_1_616' title='bbox 724 4661 755 4716; x_wconf 91' lang='lat' dir='ltr'><strong>et</strong></span> <span class='ocrx_word' id='word_1_617' title='bbox 769 4672 832 4716; x_wconf 91' lang='lat' dir='ltr'><strong>non</strong></span> <span class='ocrx_word' id='word_1_618' title='bbox 848 4657 958 4718; x_wconf 89' lang='lat' dir='ltr'><strong>matris</strong></span> <span class='ocrx_word' id='word_1_619' title='bbox 1013 4651 1173 4732; x_wconf 79' lang='lat' dir='ltr'><strong>«figurate</strong></span> <span class='ocrx_word' id='word_1_620' title='bbox 1187 4653 1288 4716; x_wconf 82' lang='lat' dir='ltr'><strong>sitaut</strong></span> <span class='ocrx_word' id='word_1_621' title='bbox 1301 4653 1429 4720; x_wconf 85' lang='lat' dir='ltr'><strong>dicitur.</strong></span> <span class='ocrx_word' id='word_1_622' title='bbox 1446 4671 1510 4715; x_wconf 93' lang='lat' dir='ltr'><strong>non</strong></span> <span class='ocrx_word' id='word_1_623' title='bbox 1526 4659 1575 4715; x_wconf 91' lang='lat' dir='ltr'><strong>est</strong></span> <span class='ocrx_word' id='word_1_624' title='bbox 1590 4656 1805 4720; x_wconf 88' lang='lat' dir='ltr'><strong>mendacium:</strong></span> 
     </span>
     <span class='ocr_line' id='line_1_54' title="bbox 165 4732 1808 4812; baseline 0.007 -24"><span class='ocrx_word' id='word_1_625' title='bbox 165 4755 181 4788; x_wconf 76' lang='lat' dir='ltr'><strong>a</strong></span> <span class='ocrx_word' id='word_1_626' title='bbox 193 4749 273 4794; x_wconf 79' lang='lat' dir='ltr'><strong>mear</strong></span> <span class='ocrx_word' id='word_1_627' title='bbox 287 4732 393 4807; x_wconf 67' lang='lat' dir='ltr'><strong>tilla»</strong></span> <span class='ocrx_word' id='word_1_628' title='bbox 415 4735 492 4812; x_wconf 86' lang='lat' dir='ltr'><strong>qula</strong></span> <span class='ocrx_word' id='word_1_629' title='bbox 510 4735 631 4796; x_wconf 87' lang='lat' dir='ltr'><strong>scilicet</strong></span> <span class='ocrx_word' id='word_1_630' title='bbox 648 4739 794 4812; x_wconf 88' lang='lat' dir='ltr'><strong>exparte</strong></span> <span class='ocrx_word' id='word_1_631' title='bbox 814 4736 959 4812; x_wconf 80' lang='lat' dir='ltr'><strong>patrisci</strong></span> <span class='ocrx_word' id='word_1_632' title='bbox 1013 4732 1144 4793; x_wconf 77' lang='lat' dir='ltr'><strong>nornnis</strong></span> <span class='ocrx_word' id='word_1_633' title='bbox 1159 4733 1244 4794; x_wconf 92' lang='lat' dir='ltr'><strong>enim</strong></span> <span class='ocrx_word' id='word_1_634' title='bbox 1258 4733 1437 4794; x_wconf 88' lang='lat' dir='ltr'><strong>enuntiatio</strong></span> <span class='ocrx_word' id='word_1_635' title='bbox 1450 4734 1489 4794; x_wconf 90' lang='lat' dir='ltr'><strong>ad</strong></span> <span class='ocrx_word' id='word_1_636' title='bbox 1508 4732 1537 4794; x_wconf 91' lang='lat' dir='ltr'><strong>id</strong></span> <span class='ocrx_word' id='word_1_637' title='bbox 1555 4734 1642 4812; x_wconf 89' lang='lat' dir='ltr'><strong>quod</strong></span> <span class='ocrx_word' id='word_1_638' title='bbox 1662 4739 1808 4800; x_wconf 87' lang='lat' dir='ltr'><strong>enuntiat</strong></span> 
     </span>
     <span class='ocr_line' id='line_1_55' title="bbox 162 4811 1808 4893; baseline 0.003 -21"><span class='ocrx_word' id='word_1_639' title='bbox 162 4811 331 4874; x_wconf 88' lang='lat' dir='ltr'><strong>attinebat.</strong></span> <span class='ocrx_word' id='word_1_640' title='bbox 354 4812 454 4875; x_wconf 87' lang='lat' dir='ltr'><strong>Jacob</strong></span> <span class='ocrx_word' id='word_1_641' title='bbox 476 4813 552 4875; x_wconf 85' lang='lat' dir='ltr'><strong>verb</strong></span> <span class='ocrx_word' id='word_1_642' title='bbox 575 4811 706 4893; x_wconf 76' lang='lat' dir='ltr'><strong>mystice</strong></span> <span class='ocrx_word' id='word_1_643' title='bbox 727 4811 810 4873; x_wconf 78' lang='lat' dir='ltr'><strong>dixit</strong></span> <span class='ocrx_word' id='word_1_644' title='bbox 831 4833 865 4875; x_wconf 88' lang='lat' dir='ltr'><strong>so</strong></span> <span class='ocrx_word' id='word_1_645' title='bbox 887 4832 958 4876; x_wconf 89' lang='lat' dir='ltr'><strong>esse</strong></span> <span class='ocrx_word' id='word_1_646' title='bbox 1014 4811 1207 4875; x_wconf 82' lang='lat' dir='ltr'><strong>arcierenda</strong></span> <span class='ocrx_word' id='word_1_647' title='bbox 1222 4818 1288 4884; x_wconf 89' lang='lat' dir='ltr'><strong>est;</strong></span> <span class='ocrx_word' id='word_1_648' title='bbox 1311 4830 1405 4874; x_wconf 86' lang='lat' dir='ltr'><strong>ornne</strong></span> <span class='ocrx_word' id='word_1_649' title='bbox 1418 4817 1525 4873; x_wconf 89' lang='lat' dir='ltr'><strong>autem</strong></span> <span class='ocrx_word' id='word_1_650' title='bbox 1538 4812 1808 4893; x_wconf 78' lang='lat' dir='ltr'><strong>figurateeutta-</strong></span> 
     </span>
     <span class='ocr_line' id='line_1_56' title="bbox 162 4887 1808 4974; baseline 0.003 -24"><span class='ocrx_word' id='word_1_651' title='bbox 162 4887 251 4951; x_wconf 87' lang='lat' dir='ltr'><strong>Esaii</strong></span> <span class='ocrx_word' id='word_1_652' title='bbox 266 4891 515 4972; x_wconf 78' lang='lat' dir='ltr'><strong>primogenitum</strong></span> <span class='ocrx_word' id='word_1_653' title='bbox 529 4894 631 4965; x_wconf 87' lang='lat' dir='ltr'><strong>Isaac,</strong></span> <span class='ocrx_word' id='word_1_654' title='bbox 645 4895 723 4970; x_wconf 88' lang='lat' dir='ltr'><strong>quia</strong></span> <span class='ocrx_word' id='word_1_655' title='bbox 735 4892 880 4954; x_wconf 84' lang='lat' dir='ltr'><strong>videlicet</strong></span> <span class='ocrx_word' id='word_1_656' title='bbox 894 4895 960 4970; x_wconf 89' lang='lat' dir='ltr'><strong>pri·</strong></span> <span class='ocrx_word' id='word_1_657' title='bbox 1013 4895 1127 4952; x_wconf 78' lang='lat' dir='ltr'><strong>sctum</strong></span> <span class='ocrx_word' id='word_1_658' title='bbox 1142 4895 1198 4953; x_wconf 90' lang='lat' dir='ltr'><strong>aut</strong></span> <span class='ocrx_word' id='word_1_659' title='bbox 1210 4892 1329 4952; x_wconf 92' lang='lat' dir='ltr'><strong>dictum</strong></span> <span class='ocrx_word' id='word_1_660' title='bbox 1344 4891 1405 4952; x_wconf 90' lang='lat' dir='ltr'><strong>hoc</strong></span> <span class='ocrx_word' id='word_1_661' title='bbox 1418 4893 1563 4954; x_wconf 88' lang='lat' dir='ltr'><strong>enuntiat</strong></span> <span class='ocrx_word' id='word_1_662' title='bbox 1578 4895 1664 4971; x_wconf 91' lang='lat' dir='ltr'><strong>qnod</strong></span> <span class='ocrx_word' id='word_1_663' title='bbox 1680 4894 1808 4974; x_wconf 79' lang='lat' dir='ltr'><strong>signifi-</strong></span> 
     </span>
     <span class='ocr_line' id='line_1_57' title="bbox 162 4969 1807 5052; baseline 0.001 -24"><span class='ocrx_word' id='word_1_664' title='bbox 162 4969 327 5050; x_wconf 80' lang='lat' dir='ltr'><strong>mogenila</strong></span> <span class='ocrx_word' id='word_1_665' title='bbox 350 4971 436 5034; x_wconf 91' lang='lat' dir='ltr'><strong>illius</strong></span> <span class='ocrx_word' id='word_1_666' title='bbox 450 4972 489 5034; x_wconf 93' lang='lat' dir='ltr'><strong>de</strong></span> <span class='ocrx_word' id='word_1_667' title='bbox 507 4971 581 5052; x_wconf 83' lang='lat' dir='ltr'><strong>jure</strong></span> <span class='ocrx_word' id='word_1_668' title='bbox 601 4971 631 5034; x_wconf 90' lang='lat' dir='ltr'><strong>ei</strong></span> <span class='ocrx_word' id='word_1_669' title='bbox 647 4973 857 5035; x_wconf 89' lang='lat' dir='ltr'><strong>debebantur.</strong></span> <span class='ocrx_word' id='word_1_670' title='bbox 877 4972 958 5035; x_wconf 89' lang='lat' dir='ltr'><strong>Usus</strong></span> <span class='ocrx_word' id='word_1_671' title='bbox 1013 4974 1091 5032; x_wconf 79' lang='lat' dir='ltr'><strong>«cat</strong></span> <span class='ocrx_word' id='word_1_672' title='bbox 1103 4969 1149 5030; x_wconf 89' lang='lat' dir='ltr'><strong>eis</strong></span> <span class='ocrx_word' id='word_1_673' title='bbox 1161 4972 1280 5048; x_wconf 84' lang='lat' dir='ltr'><strong>quibus</strong></span> <span class='ocrx_word' id='word_1_674' title='bbox 1294 4971 1534 5050; x_wconf 80' lang='lat' dir='ltr'><strong>intelligendum</strong></span> <span class='ocrx_word' id='word_1_675' title='bbox 1548 4973 1707 5050; x_wconf 89' lang='lat' dir='ltr'><strong>prolatum</strong></span> <span class='ocrx_word' id='word_1_676' title='bbox 1721 4978 1807 5034; x_wconf 80' lang='lat' dir='ltr'><strong>est.»</strong></span> 
     </span>
     <span class='ocr_line' id='line_1_58' title="bbox 162 5048 1807 5146; baseline 0.003 -37"><span class='ocrx_word' id='word_1_677' title='bbox 162 5052 273 5110; x_wconf 90' lang='lat' dir='ltr'><strong>autem</strong></span> <span class='ocrx_word' id='word_1_678' title='bbox 295 5055 344 5141; x_wconf 77' lang='lat' dir='ltr'><strong>est</strong></span> <span class='ocrx_word' id='word_1_679' title='bbox 366 5050 428 5112; x_wconf 91' lang='lat' dir='ltr'><strong>boc</strong></span> <span class='ocrx_word' id='word_1_680' title='bbox 451 5053 544 5144; x_wconf 85' lang='lat' dir='ltr'><strong>modo</strong></span> <span class='ocrx_word' id='word_1_681' title='bbox 563 5052 716 5131; x_wconf 89' lang='lat' dir='ltr'><strong>loquendi</strong></span> <span class='ocrx_word' id='word_1_682' title='bbox 735 5052 959 5146; x_wconf 73' lang='lat' dir='ltr'><strong>perspiritum</strong></span> <span class='ocrx_word' id='word_1_683' title='bbox 1012 5052 1193 5112; x_wconf 78' lang='lat' dir='ltr'><strong>Auricucos</strong></span> <span class='ocrx_word' id='word_1_684' title='bbox 1209 5069 1304 5112; x_wconf 87' lang='lat' dir='ltr'><strong>rv.-</strong></span> <span class='ocrx_word' id='word_1_685' title='bbox 1316 5048 1429 5112; x_wconf 78' lang='lat' dir='ltr'><strong>Utrum</strong></span> <span class='ocrx_word' id='word_1_686' title='bbox 1446 5069 1532 5112; x_wconf 84' lang='lat' dir='ltr'><strong>omns</strong></span> <span class='ocrx_word' id='word_1_687' title='bbox 1551 5051 1744 5112; x_wconf 82' lang='lat' dir='ltr'><strong>menducium</strong></span> <span class='ocrx_word' id='word_1_688' title='bbox 1765 5055 1807 5114; x_wconf 89' lang='lat' dir='ltr'><strong>sit</strong></span> 
     </span>
     <span class='ocr_line' id='line_1_59' title="bbox 162 5128 1806 5291; baseline 0.002 -23"><span class='ocrx_word' id='word_1_689' title='bbox 162 5128 957 5291; x_wconf 44' lang='lat' dir='ltr'><strong>utut:&amp;attuleruututttttttntu</strong></span> <span class='ocrx_word' id='word_1_690' title='bbox 1050 5129 1806 5288; x_wconf 58' lang='grc' dir='ltr'><strong>111ῗ“ἑ1”1111ἷ“11ἶ11111111·1111111,</strong></span> 
     </span>
    </p>
   </div>
   <div class='ocr_carea' id='block_1_3' title="bbox 162 5282 1806 5428">
    <p class='ocr_par' dir='ltr' id='par_1_3' title="bbox 162 5282 1806 5428">
     <span class='ocr_line' id='line_1_60' title="bbox 162 5282 1806 5428; baseline 0.002 -80"><span class='ocrx_word' id='word_1_691' title='bbox 162 5287 405 5351; x_wconf 90' lang='lat' dir='ltr'><strong>substituendus</strong></span> <span class='ocrx_word' id='word_1_692' title='bbox 436 5295 506 5352; x_wconf 89' lang='lat' dir='ltr'><strong>erat</strong></span> <span class='ocrx_word' id='word_1_693' title='bbox 532 5289 568 5351; x_wconf 93' lang='lat' dir='ltr'><strong>in</strong></span> <span class='ocrx_word' id='word_1_694' title='bbox 597 5292 705 5352; x_wconf 91' lang='lat' dir='ltr'><strong>locum</strong></span> <span class='ocrx_word' id='word_1_695' title='bbox 733 5291 958 5370; x_wconf 80' lang='lat' dir='ltr'><strong>primogeniti,</strong></span> <span class='ocrx_word' id='word_1_696' title='bbox 1051 5304 1103 5367; x_wconf 84' lang='lat' dir='ltr'><strong>qu.</strong></span> <span class='ocrx_word' id='word_1_697' title='bbox 1121 5289 1150 5361; x_wconf 91' lang='lat' dir='ltr'><strong>l,</strong></span> <span class='ocrx_word' id='word_1_698' title='bbox 1164 5295 1233 5349; x_wconf 86' lang='lat' dir='ltr'><strong>nrt.</strong></span> <span class='ocrx_word' id='word_1_699' title='bbox 1248 5286 1288 5364; x_wconf 85' lang='grc'><strong>1;</strong></span> <span class='ocrx_word' id='word_1_700' title='bbox 1304 5296 1332 5348; x_wconf 84' lang='lat' dir='ltr'><strong>et</strong></span> <span class='ocrx_word' id='word_1_701' title='bbox 1347 5282 1388 5362; x_wconf 84' lang='grc'><strong>1,</strong></span> <span class='ocrx_word' id='word_1_702' title='bbox 1411 5287 1554 5361; x_wconf 76' lang='grc'><strong>1111116,</strong></span> <span class='ocrx_word' id='word_1_703' title='bbox 1575 5305 1627 5428; x_wconf 45' lang='grc' dir='ltr'><strong>ἓν.</strong></span> <span class='ocrx_word' id='word_1_704' title='bbox 1644 5287 1679 5362; x_wconf 79' lang='lat' dir='ltr'><strong>b,</strong></span> <span class='ocrx_word' id='word_1_705' title='bbox 1695 5298 1756 5351; x_wconf 87' lang='lat' dir='ltr'><strong>nrt.</strong></span> <span class='ocrx_word' id='word_1_706' title='bbox 1777 5293 1806 5366; x_wconf 93' lang='grc'><strong>1,</strong></span> 
     </span>
    </p>
   </div>
   <div class='ocr_carea' id='block_1_4' title="bbox 161 5365 1809 5926">
    <p class='ocr_par' dir='ltr' id='par_1_4' title="bbox 162 5365 1567 5528">
     <span class='ocr_line' id='line_1_61' title="bbox 162 5365 1567 5450; baseline 0.001 -24"><span class='ocrx_word' id='word_1_707' title='bbox 162 5365 286 5429; x_wconf 90' lang='lat' dir='ltr'><strong>scilicet</strong></span> <span class='ocrx_word' id='word_1_708' title='bbox 307 5367 341 5428; x_wconf 89' lang='lat' dir='ltr'><strong>in</strong></span> <span class='ocrx_word' id='word_1_709' title='bbox 366 5367 472 5430; x_wconf 90' lang='lat' dir='ltr'><strong>locum</strong></span> <span class='ocrx_word' id='word_1_710' title='bbox 495 5369 690 5431; x_wconf 77' lang='lat' dir='ltr'><strong>ludaeorum.</strong></span> <span class='ocrx_word' id='word_1_711' title='bbox 720 5370 855 5444; x_wconf 89' lang='lat' dir='ltr'><strong>Quidam</strong></span> <span class='ocrx_word' id='word_1_712' title='bbox 882 5371 959 5432; x_wconf 84' lang='lat' dir='ltr'><strong>verb</strong></span> <span class='ocrx_word' id='word_1_713' title='bbox 1051 5367 1284 5446; x_wconf 73' lang='lat' dir='ltr'><strong>praecinenti,</strong></span> <span class='ocrx_word' id='word_1_714' title='bbox 1302 5375 1443 5448; x_wconf 86' lang='lat' dir='ltr'><strong>corp..et</strong></span> <span class='ocrx_word' id='word_1_715' title='bbox 1461 5367 1567 5450; x_wconf 83' lang='lat' dir='ltr'><strong>quedl.</strong></span> 
     </span>
     <span class='ocr_line' id='line_1_62' title="bbox 162 5445 1356 5528; baseline 0.002 -24"><span class='ocrx_word' id='word_1_716' title='bbox 162 5445 429 5509; x_wconf 87' lang='lat' dir='ltr'><strong>commendantur</strong></span> <span class='ocrx_word' id='word_1_717' title='bbox 439 5447 471 5509; x_wconf 92' lang='lat' dir='ltr'><strong>in</strong></span> <span class='ocrx_word' id='word_1_718' title='bbox 483 5447 648 5527; x_wconf 74' lang='lat' dir='ltr'><strong>Scriptura</strong></span> <span class='ocrx_word' id='word_1_719' title='bbox 664 5465 728 5510; x_wconf 90' lang='lat' dir='ltr'><strong>non</strong></span> <span class='ocrx_word' id='word_1_720' title='bbox 742 5454 873 5528; x_wconf 90' lang='lat' dir='ltr'><strong>propter</strong></span> <span class='ocrx_word' id='word_1_721' title='bbox 887 5467 960 5526; x_wconf 90' lang='lat' dir='ltr'><strong>per·</strong></span> <span class='ocrx_word' id='word_1_722' title='bbox 1051 5446 1158 5526; x_wconf 77' lang='lat' dir='ltr'><strong>pecul.</strong></span> <span class='ocrx_word' id='word_1_723' title='bbox 1172 5448 1203 5520; x_wconf 89' lang='grc'><strong>9,</strong></span> <span class='ocrx_word' id='word_1_724' title='bbox 1216 5454 1278 5508; x_wconf 89' lang='lat' dir='ltr'><strong>nrt.</strong></span> <span class='ocrx_word' id='word_1_725' title='bbox 1293 5445 1356 5528; x_wconf 81' lang='grc'><strong>11.)</strong></span> 
     </span>
    </p>

    <p class='ocr_par' dir='ltr' id='par_1_5' title="bbox 161 5523 1809 5926">
     <span class='ocr_line' id='line_1_63' title="bbox 162 5523 1808 5607; baseline 0.004 -23"><span class='ocrx_word' id='word_1_726' title='bbox 162 5523 278 5588; x_wconf 90' lang='lat' dir='ltr'><strong>lectam</strong></span> <span class='ocrx_word' id='word_1_727' title='bbox 300 5527 466 5602; x_wconf 75' lang='lat' dir='ltr'><strong>virtutem,</strong></span> <span class='ocrx_word' id='word_1_728' title='bbox 489 5527 545 5590; x_wconf 89' lang='lat' dir='ltr'><strong>sed</strong></span> <span class='ocrx_word' id='word_1_729' title='bbox 560 5533 691 5607; x_wconf 87' lang='lat' dir='ltr'><strong>propter</strong></span> <span class='ocrx_word' id='word_1_730' title='bbox 707 5527 879 5605; x_wconf 88' lang='lat' dir='ltr'><strong>quamdam</strong></span> <span class='ocrx_word' id='word_1_731' title='bbox 891 5528 960 5590; x_wconf 84' lang='lat' dir='ltr'><strong>vir·</strong></span> <span class='ocrx_word' id='word_1_732' title='bbox 1052 5526 1098 5586; x_wconf 89' lang='lat' dir='ltr'><strong>Ad</strong></span> <span class='ocrx_word' id='word_1_733' title='bbox 1113 5532 1266 5606; x_wconf 87' lang='lat' dir='ltr'><strong>quartum</strong></span> <span class='ocrx_word' id='word_1_734' title='bbox 1274 5527 1320 5589; x_wconf 89' lang='lat' dir='ltr'><strong>sic</strong></span> <span class='ocrx_word' id='word_1_735' title='bbox 1329 5525 1522 5606; x_wconf 91' lang='lat' dir='ltr'><strong>proceditur.</strong></span> <span class='ocrx_word' id='word_1_736' title='bbox 1540 5525 1568 5588; x_wconf 92' lang='grc'><strong>1.</strong></span> <span class='ocrx_word' id='word_1_737' title='bbox 1579 5527 1808 5606; x_wconf 79' lang='lat' dir='ltr'><strong>Videtnrnubd</strong></span> 
     </span>
     <span class='ocr_line' id='line_1_64' title="bbox 161 5602 1808 5686; baseline 0.003 -22"><span class='ocrx_word' id='word_1_738' title='bbox 161 5604 241 5665; x_wconf 90' lang='lat' dir='ltr'><strong>tutis</strong></span> <span class='ocrx_word' id='word_1_739' title='bbox 261 5602 417 5679; x_wconf 79' lang='lat' dir='ltr'><strong>indolem3</strong></span> <span class='ocrx_word' id='word_1_740' title='bbox 442 5607 846 5686; x_wconf 88' lang='lat' dir='ltr'><strong>scilicetquiaapparcbat</strong></span> <span class='ocrx_word' id='word_1_741' title='bbox 862 5608 893 5668; x_wconf 93' lang='lat' dir='ltr'><strong>in</strong></span> <span class='ocrx_word' id='word_1_742' title='bbox 912 5609 958 5670; x_wconf 89' lang='lat' dir='ltr'><strong>eis</strong></span> <span class='ocrx_word' id='word_1_743' title='bbox 1012 5622 1107 5668; x_wconf 92' lang='lat' dir='ltr'><strong>omne</strong></span> <span class='ocrx_word' id='word_1_744' title='bbox 1118 5606 1321 5669; x_wconf 90' lang='lat' dir='ltr'><strong>mendacium</strong></span> <span class='ocrx_word' id='word_1_745' title='bbox 1331 5607 1371 5668; x_wconf 90' lang='lat' dir='ltr'><strong>sil</strong></span> <span class='ocrx_word' id='word_1_746' title='bbox 1406 5610 1548 5668; x_wconf 81' lang='lat' dir='ltr'><strong>occatum</strong></span> <span class='ocrx_word' id='word_1_747' title='bbox 1562 5609 1708 5670; x_wconf 89' lang='lat' dir='ltr'><strong>mortale.</strong></span> <span class='ocrx_word' id='word_1_748' title='bbox 1724 5607 1808 5670; x_wconf 82' lang='lat' dir='ltr'><strong>Dici-</strong></span> 
     </span>
     <span class='ocr_line' id='line_1_65' title="bbox 162 5679 1808 5768; baseline 0.003 -24"><span class='ocrx_word' id='word_1_749' title='bbox 162 5681 281 5762; x_wconf 83' lang='lat' dir='ltr'><strong>aliquis</strong></span> <span class='ocrx_word' id='word_1_750' title='bbox 293 5679 464 5748; x_wconf 80' lang='lat' dir='ltr'><strong>laudabiirs</strong></span> <span class='ocrx_word' id='word_1_751' title='bbox 479 5685 628 5754; x_wconf 83' lang='lat' dir='ltr'><strong>allectus.</strong></span> <span class='ocrx_word' id='word_1_752' title='bbox 642 5703 684 5751; x_wconf 84' lang='lat' dir='ltr'><strong>ex</strong></span> <span class='ocrx_word' id='word_1_753' title='bbox 696 5703 762 5765; x_wconf 87' lang='lat' dir='ltr'><strong>quo</strong></span> <span class='ocrx_word' id='word_1_754' title='bbox 775 5687 960 5748; x_wconf 87' lang='lat' dir='ltr'><strong>moveban-</strong></span> <span class='ocrx_word' id='word_1_755' title='bbox 1011 5690 1065 5746; x_wconf 92' lang='lat' dir='ltr'><strong>tur</strong></span> <span class='ocrx_word' id='word_1_756' title='bbox 1078 5687 1166 5747; x_wconf 90' lang='lat' dir='ltr'><strong>enim</strong></span> <span class='ocrx_word' id='word_1_757' title='bbox 1179 5687 1211 5746; x_wconf 93' lang='lat' dir='ltr'><strong>in</strong></span> <span class='ocrx_word' id='word_1_758' title='bbox 1229 5686 1312 5764; x_wconf 89' lang='lat' dir='ltr'><strong>psal.</strong></span> <span class='ocrx_word' id='word_1_759' title='bbox 1331 5684 1362 5760; x_wconf 84' lang='lat'><strong>5,</strong></span> <span class='ocrx_word' id='word_1_760' title='bbox 1411 5683 1549 5746; x_wconf 84' lang='lat' dir='ltr'><strong>:Perdes</strong></span> <span class='ocrx_word' id='word_1_761' title='bbox 1570 5705 1670 5747; x_wconf 81' lang='lat' dir='ltr'><strong>omnes</strong></span> <span class='ocrx_word' id='word_1_762' title='bbox 1689 5688 1744 5768; x_wconf 83' lang='lat' dir='ltr'><strong>qui</strong></span> <span class='ocrx_word' id='word_1_763' title='bbox 1762 5687 1808 5749; x_wconf 90' lang='lat' dir='ltr'><strong>lo-</strong></span> 
     </span>
     <span class='ocr_line' id='line_1_66' title="bbox 162 5761 1809 5848; baseline 0.005 -26"><span class='ocrx_word' id='word_1_764' title='bbox 162 5763 266 5825; x_wconf 89' lang='lat' dir='ltr'><strong>turad</strong></span> <span class='ocrx_word' id='word_1_765' title='bbox 297 5761 421 5826; x_wconf 73' lang='lat' dir='ltr'><strong>undam</strong></span> <span class='ocrx_word' id='word_1_766' title='bbox 432 5764 574 5829; x_wconf 91' lang='lat' dir='ltr'><strong>indebita</strong></span> <span class='ocrx_word' id='word_1_767' title='bbox 582 5765 743 5839; x_wconf 68' lang='lat' dir='ltr'><strong>iaciendas</strong></span> <span class='ocrx_word' id='word_1_768' title='bbox 756 5765 855 5827; x_wconf 90' lang='lat' dir='ltr'><strong>etboc</strong></span> <span class='ocrx_word' id='word_1_769' title='bbox 864 5765 959 5828; x_wconf 87' lang='lat' dir='ltr'><strong>modo</strong></span> <span class='ocrx_word' id='word_1_770' title='bbox 1011 5776 1154 5846; x_wconf 81' lang='lat' dir='ltr'><strong>quantur</strong></span> <span class='ocrx_word' id='word_1_771' title='bbox 1168 5765 1376 5834; x_wconf 69' lang='lat' dir='ltr'><strong>mendacium:</strong></span> <span class='ocrx_word' id='word_1_772' title='bbox 1398 5768 1430 5824; x_wconf 92' lang='lat' dir='ltr'><strong>el</strong></span> <span class='ocrx_word' id='word_1_773' title='bbox 1450 5763 1523 5843; x_wconf 84' lang='lat' dir='ltr'><strong>Sap.</strong></span> <span class='ocrx_word' id='word_1_774' title='bbox 1537 5765 1567 5839; x_wconf 89' lang='lat'><strong>1,</strong></span> <span class='ocrx_word' id='word_1_775' title='bbox 1587 5767 1621 5827; x_wconf 91' lang='lat'><strong>11</strong></span> <span class='ocrx_word' id='word_1_776' title='bbox 1638 5786 1646 5825; x_wconf 79' lang='lat' dir='ltr'><strong><em>z</em></strong></span> <span class='ocrx_word' id='word_1_777' title='bbox 1663 5765 1705 5828; x_wconf 83' lang='lat' dir='ltr'><strong>Os</strong></span> <span class='ocrx_word' id='word_1_778' title='bbox 1724 5766 1809 5848; x_wconf 84' lang='lat' dir='ltr'><strong>quod</strong></span> 
     </span>
     <span class='ocr_line' id='line_1_67' title="bbox 164 5841 1809 5926; baseline 0.004 -22"><span class='ocrx_word' id='word_1_779' title='bbox 164 5841 272 5907; x_wconf 88' lang='lat' dir='ltr'><strong>luditb</strong></span> <span class='ocrx_word' id='word_1_780' title='bbox 324 5843 451 5923; x_wconf 87' lang='lat' dir='ltr'><strong>udatur,</strong></span> <span class='ocrx_word' id='word_1_781' title='bbox 470 5862 535 5909; x_wconf 91' lang='lat' dir='ltr'><strong>non</strong></span> <span class='ocrx_word' id='word_1_782' title='bbox 552 5845 959 5925; x_wconf 83' lang='lat' dir='ltr'><strong>qniamentitacstllolo-</strong></span> <span class='ocrx_word' id='word_1_783' title='bbox 1012 5845 1180 5915; x_wconf 80' lang='lat' dir='ltr'><strong>mentitur,</strong></span> <span class='ocrx_word' id='word_1_784' title='bbox 1210 5843 1325 5908; x_wconf 87' lang='lat' dir='ltr'><strong>occidit</strong></span> <span class='ocrx_word' id='word_1_785' title='bbox 1351 5843 1496 5907; x_wconf 83' lang='lat' dir='ltr'><strong>animam.</strong></span> <span class='ocrx_word' id='word_1_786' title='bbox 1528 5844 1587 5908; x_wconf 86' lang='lat' dir='ltr'><strong>Sed</strong></span> <span class='ocrx_word' id='word_1_787' title='bbox 1615 5845 1750 5926; x_wconf 86' lang='lat' dir='ltr'><strong>perditio</strong></span> <span class='ocrx_word' id='word_1_788' title='bbox 1777 5853 1809 5911; x_wconf 88' lang='lat' dir='ltr'><strong>et</strong></span> 
     </span>
    </p>
   </div>
   <div class='ocr_carea' id='block_1_5' title="bbox 1611 5369 1806 5446">
    <p class='ocr_par' dir='ltr' id='par_1_6' title="bbox 1611 5369 1806 5446">
     <span class='ocr_line' id='line_1_68' title="bbox 1611 5369 1806 5446; baseline 0.01 -17"><span class='ocrx_word' id='word_1_789' title='bbox 1611 5377 1694 5442; x_wconf 71' lang='lat' dir='ltr'><strong>,nrt</strong></span> <span class='ocrx_word' id='word_1_790' title='bbox 1710 5369 1759 5446; x_wconf 81' lang='lat' dir='ltr'><strong>lt,</strong></span> <span class='ocrx_word' id='word_1_791' title='bbox 1780 5379 1806 5432; x_wconf 89' lang='lat' dir='ltr'><strong>et</strong></span> 
     </span>
    </p>
   </div>
   <div class='ocr_carea' id='block_1_6' title="bbox 0 0 2064 6338">
    <p class='ocr_par' dir='ltr' id='par_1_7' title="bbox 0 0 2064 6338">
     <span class='ocr_line' id='line_1_69' title="bbox 0 0 2064 6338; baseline 0 0"><span class='ocrx_word' id='word_1_792' title='bbox 0 0 2064 6338; x_wconf 95' lang='lat' dir='ltr'><strong> </strong></span> 
     </span>
    </p>
   </div>
  </div>
 </body>
</html>
