4076 6358
219 397 272 462 sla

682 389 812 452 SUllhlAE
829 385 1058 450 sttndnodtcAE
1078 383 1233 450 SECUNDA
1253 389 1432 453 suchans.

1806 400 1858 460 ald

218 513 444 598 propinquior.
475 511 622 578 cessabit
640 509 726 572 enim
746 514 824 576 tuno
847 509 1010 590 provisio,
1061 523 1179 600 perque
1192 513 1343 569 amotores
1352 509 1548 602 pdsdatlorsir
1562 517 1635 572 sust
1651 511 1754 576 multi.
1771 516 1858 599 Ergo

217 613 292 676 que
306 598 355 658 εει
371 591 567 673 inpraesenti
586 590 651 654 rita
663 590 856 664 necessaria,
871 587 939 668 qua
951 606 1013 650 ne-
1065 586 1180 647 mehus
1195 593 1243 648 est
1257 603 1361 650 amam
1375 587 1475 669 qudm
1490 607 1612 668 amare,
1627 599 1658 657 ει
1672 613 1730 676 per
1743 615 1857 664 conse

217 693 307 740 cesse
317 677 367 738 est
377 671 646 751 utunosqnisque
654 669 755 750 magis
769 669 829 731 sibi
839 668 1011 762 conjuncto

216 750 395 820 secundnm
407 768 645 832 quamcumque
658 748 926 812 necessitudinem
936 764 1012 827 pro·

217 834 324 899 videat
344 833 446 912 magis
513 828 565 893 dm
579 829 687 893 alieno
702 849 709 889 :
727 829 853 891 ratione
868 826 960 890 cu'us
976 827 1010 890 in

215 913 279 980 hdo
293 912 360 978 vita
371 930 413 974 ex
427 913 476 992 ips
512 909 721 972 inclinatione
733 907 898 1000 charitatis
907 847 1009 969 homo

238 993 290 1057 lus
301 989 513 1073 diligitmagis
528 989 590 1052 sibi
601 988 820 1068 conjunctum,
836 1004 889 1048 cm
904 987 1007 1068 magis

164 1081 168 1114 ³
214 1012 1009 1150 Rebetimpendcracharitatisellectumconlinget

169 1137 173 1150 ⁸
214 1157 324 1222 tamen
336 1151 369 1212 in
380 1147 485 1230 patria
496 1146 583 1290 qudd
598 1147 715 1226 aliquis
729 1146 789 1207 sibi
800 1144 1008 1224 conjunctum

214 1231 362 1312 pluribus
378 1228 480 1292 modis
519 1227 623 1307 iliget3
646 1243 711 1286 non
732 1225 818 1286 enim
835 1225 1009 1287 cessabunt

214 1313 257 1378 ab
283 1310 390 1374 animo
414 1307 500 1370 beati
523 1306 667 1368 honesta
694 1305 872 1366 dilectionis
890 1319 1005 1366 causa.

213 1391 335 1454 Tamen
361 1387 511 1449 omnibus
538 1384 607 1448 istis
634 1383 814 1446 rationibus
838 1382 1008 1462 praelertur

212 1465 507 1548 incomparabiliter
523 1463 606 1526 ratio
617 1463 796 1526 dilectionis
809 1479 883 1541 qum
899 1461 1007 1523 sumi-

211 1553 266 1610 tur
280 1566 322 1611 ex
340 1545 580 1626 propinquitate
596 1541 637 1606 ad
650 1542 763 1605 Deum.

252 1625 299 1689 hd
316 1625 455 1708 primum
470 1639 548 1705 ergo
563 1621 731 1684 dicendum
749 1619 834 1701 qudd
846 1619 1005 1699 quantiam

212 1705 253 1769 ad
266 1705 455 1784 conjunctos
473 1703 534 1765 sibi
550 1701 634 1763 ratio
649 1701 703 1763 illa
719 1699 922 1762 concedenda
936 1704 1003 1774 est3
1021 1727 1023 1732 ·

211 1784 268 1847 sed
288 1779 448 1863 quantiam
462 1781 501 1845 ad
519 1780 680 1859 seipsum,
699 1783 825 1859 oportet
838 1777 923 1858 qudd
937 1779 1005 1842 ali-

210 1864 285 1943 quis
298 1864 372 1942 plus
387 1880 422 1925 se
435 1857 535 1940 quam
549 1860 630 1923 alios
646 1858 767 1939 diligat,
783 1857 873 1920 tantd
888 1859 1002 1937 magis,

210 1943 334 2021 quantb
347 1941 518 2021 perfectior
528 1944 577 2002 est
586 1939 745 2014 charitas3
761 1937 840 2017 quia
851 1934 1003 2016 perlectio

209 2021 376 2084 charitatis
397 2018 440 2100 (ι)
464 2019 593 2082 ordinat
617 2017 780 2079 hominem
803 2015 942 2095 perlectd
969 2017 1003 2078 in

208 2100 333 2175 Deum,
366 2099 452 2179 quod
485 2098 623 2178 perlisset
652 2096 692 2159 ad
719 2096 922 2158 dilectionem
951 2095 1002 2158 sul

209 2180 312 2258 ipsius
326 2177 383 2261 (2),
395 2182 433 2239 ut
443 2177 562 2241 diclum
580 2181 630 2239 εει
642 2175 676 2237 in
690 2193 778 2254 corp.
793 2179 855 2236 art.

249 2259 296 2320 hd
309 2257 485 2321 secundum
494 2255 663 2319 dicendum
673 2255 760 2334 qudd
769 2256 852 2318 ratio
861 2255 916 2317 illa
927 2272 1003 2333 pro-

207 2336 291 2401 oedit
305 2337 344 2399 de
357 2337 469 2399 ordine
483 2335 662 2398 dilectionis
677 2333 853 2397 secundum
867 2334 1002 2414 gradum

207 2417 285 2480 boni
300 2417 386 2496 quod
401 2416 519 2495 aliquis
532 2415 602 2478 vult
616 2417 734 2476 amalo.

248 2495 295 2559 hd
310 2497 439 2558 tertium
456 2493 625 2556 dicendum
644 2492 731 2573 qudd
746 2493 921 2572 unicuique
941 2493 1001 2555 erit

204 2574 291 2638 Deus
309 2578 377 2639 tota
390 2575 474 2638 ratio
488 2572 661 2654 diligendi,
682 2572 721 2634 ed
740 2571 827 2652 qudd
849 2572 934 2633 Deus
952 2579 1001 2634 est

204 2658 309 2716 tolum
332 2655 473 2716 hominis
500 2654 633 2715 bonum.
654 2651 736 2714 Dato
760 2651 845 2715 enim
863 2668 921 2743 per
937 2651 1002 2723 im-

203 2733 358 2812 possibile
376 2731 464 2811 qudd
477 2734 563 2794 Deus
581 2747 647 2793 non
667 2735 752 2793 esset
775 2729 914 2792 homims
935 2731 1001 2791 bo-

203 2811 524 2952 lhlslslastd
543 2807 1000 2968 slhlhsdsltlhh

202 2968 301 3032 homo
314 2967 454 3031 maxime
468 2967 580 3048 diligat
593 2967 746 3047 scipsum.

435 3085 620 3163 Qulssrlo
640 3085 774 3149 xxvll.

201 3185 250 3250 m
281 3205 460 3251 rnrncsrsu
490 3205 573 3251 seru
607 3204 820 3262 cnnmrsrrs,
854 3205 909 3259 our
942 3208 998 3253 nsr

249 3284 409 3330 nrnscmo.
432 3301 471 3312 -
493 3266 548 3349 (Is
562 3275 632 3330 octo
651 3266 803 3329 articulos
820 3266 945 3350 divisa.)

238 3387 362 3450 Deinde
381 3387 649 3452 considerandum
669 3393 719 3452 est
736 3387 774 3452 de
793 3393 867 3452 actu
884 3391 997 3453 chari-

201 3469 296 3542 tatis;
312 3472 344 3530 et
358 3467 465 3546 primd
481 3467 520 3531 de
533 3468 705 3548 principali
720 3471 796 3531 actu
810 3469 995 3544 charitatis,

200 3547 257 3626 qni
271 3549 321 3609 εει
331 3547 476 3624 (ιίιεειίο;
493 3547 634 3610 secundo
648 3547 687 3610 de
702 3548 773 3610 aliis
787 3550 924 3627 aclibus,
945 3551 995 3615 sel

201 3624 662 3706 effectibusoonsequentibns.

240 3704 332 3768 Circa
346 3705 485 3783 primum
502 3711 693 3783 quaeruntur
705 3710 778 3768 octo
795 3727 802 3765 ε
819 3707 849 3767 1·
864 3708 940 3786 quid
953 3709 995 3772 sit

198 3782 304 3866 magis
318 3783 485 3861 proprium
499 3785 676 3858 charitalis,
687 3783 797 3846 utrsim
809 3801 931 3860 amare,
942 3789 993 3851 vel

199 3862 322 3936 amari3
337 3860 368 3926 2⁰
385 3860 492 3928 ulrslm
508 3878 630 3936 amare,
646 3867 743 3943 prout
756 3870 805 3925 est
817 3867 907 3927 actus
918 3865 994 3929 cha-

198 3940 316 4014 ritalis,
333 3940 374 4002 sit
388 3939 471 4002 idem
483 3940 570 4019 quod
582 3941 824 4018 benevolentia3
839 3942 870 4002 3ο
883 3943 992 4007 ulrdm

197 4019 284 4082 Deus
299 4018 339 4081 sit
350 4023 481 4098 propter
495 4021 635 4098 seipsum
651 4020 807 4084 assandus
820 4042 832 4102 ς,
842 4019 873 4080 ιο
883 4021 991 4084 utrdm

197 4097 301 4178 possit
311 4099 344 4159 in
360 4097 421 4160 hdo
432 4096 499 4161 vita
511 4097 691 4162 immediate
700 4101 822 4174 amari3
840 4099 870 4161 5ο
883 4099 991 4164 ulrum

197 4178 302 4316 possit
314 4178 417 4240 amari
431 4177 589 4250 totaliter3
607 4177 638 4238 θ’
652 4179 761 4240 utrdm
779 4179 849 4260 ejus
864 4179 990 4243 dilectio

222 4257 316 4319 abeat
330 4255 478 4330 modum3
493 4257 524 4316 ’1ο
538 4257 616 4335 quid
630 4257 672 4319 sit
682 4259 809 4332 melius,
819 4258 929 4321 ulrism
943 4261 990 4320 di-

195 4334 298 4415 ligere
322 4335 481 4409 amicum,
510 4336 563 4400 vel
591 4335 723 4416 diligere
747 4336 931 4412 inimicum3
958 4339 989 4402 8·

196 4413 275 4492 quid
303 4413 345 4476 sit
372 4414 499 4491 melius,
525 4412 636 4476 utrium
658 4415 791 4496 diligere
811 4417 911 4479 Deum
938 4419 990 4483 vel

195 4493 391 4572 proximum.

195 4611 378 4677 horremus
408 4631 536 4676 sarnus.
563 4649 601 4660 -
627 4615 740 4678 Utrslm
764 4615 927 4680 charitalis
945 4619 988 4682 sil

279 4693 378 4773 smqls
391 4695 560 4774 proprium
571 4695 671 4757 amari
681 4695 772 4778 qudm
784 4714 896 4759 amare.

234 4813 283 4874 hd
320 4813 461 4954 primurn
491 4813 537 4876 sic
574 4815 767 4895 proceditur.
801 4817 830 4878 1.
853 4817 987 4882 Videtur

217 4891 281 4956 udd

193 4910 294 5052 guam
317 4989 438 5036 amare.
464 4971 611 5036 Charitas
631 4975 718 5037 enim
741 4975 774 5036 in
799 4977 984 5040 melioribus

193 5052 309 5122 melior
325 5051 500 5114 invenitur.
519 5051 577 5115 Sed
593 5055 741 5116 meliores
755 5054 871 5118 debent
884 5057 984 5137 magis

193 5130 308 5224 amari.
326 5131 411 5212 Ergo
434 5131 599 5195 eharitatis
622 5134 724 5214 magis
747 5138 796 5196 est
818 5136 985 5215 proprium

192 5225 306 5272 amari.

161 5297 164 5305 ⁴
233 5287 263 5348 2.
286 5290 462 5366 Praeterea,
481 5289 560 5352 illud
576 5290 662 5370 quod
676 5291 709 5352 in
724 5291 871 5370 pluribus
887 5295 985 5358 invo-

193 5367 293 5442 nitur,
304 5369 431 5432 vidctur
444 5387 514 5432 esse
525 5370 627 5449 magis
638 5371 833 5434 conveniens
847 5379 981 5449 nature,

192 5449 224 5508 ct
274 5466 310 5510 er
334 5465 537 5528 consequens
561 5449 687 5511 melius.
709 5449 782 5520 Sed,
807 5453 889 5514 sicut
909 5453 984 5516 dicit

191 5463 405 5607 Phifosophus
431 5527 465 5589 in
485 5526 506 5589 8
524 5527 641 5619 Ethio,
666 5545 702 5592 ca
729 5528 788 5604 .8,
809 5529 841 5592 in
866 5533 982 5611 prino,

191 5603 285 5667 multi
304 5607 403 5687 muqis
418 5606 530 5670 volunt
542 5625 640 5669 amors
655 5547 747 5689 unm
760 5627 883 5680 amore,
904 5630 984 5673 san·

305 4911 322 4954 ε
347 4892 471 4957 aritatis
489 4894 531 4956 sil
557 4895 658 4976 magis
688 4896 855 4974 proprium
883 4899 985 4962 amari

240 5726 266 5800 l)
285 5727 341 5796 sl,
373 5711 491 5814 electior
500 5731 620 5816 charitas.

190 5797 350 5927 &mmm
361 5802 515 5944 :medas
528 5815 637 5874 passm.
651 5799 716 5860 (lod.
732 5801 821 5876 Cam,
843 5806 877 5862 sd
896 5809 957 5880 pers
968 5835 981 5850 ι

1064 667 1283 807 qupnprmpegis
1299 670 1493 732 conveniens
1508 671 1669 737 charitati.

1063 762 1228 891 sstssffa
1236 750 1858 906 pispprpppsrtppotpxsrtsprssqupppipg

1062 904 1856 988 propterhocquddamantur‚amant3dioitenim

1062 983 1261 1063 Augustinus
1275 984 1308 1046 in
1323 986 1378 1049 lib.
1396 987 1434 1048 de
1447 989 1681 1056 catechizandis
1697 996 1853 1075 lludibus,

1062 1078 1132 1140 cap.
1145 1061 1174 1137 b,
1189 1063 1222 1123 in
1237 1065 1353 1143 princ,
1370 1066 1456 1146 qudd
1468 1067 1558 1131 nullo
1570 1078 1613 1131 εει
1625 1072 1855 1156 majorprooo-

1062 1141 1144 1204 colio
1165 1141 1206 1202 ad
1227 1143 1392 1206 ornandum
1411 1146 1503 1226 qadm
1518 1153 1693 1229 prevenire
1707 1156 1851 1220 amardo.

1059 1219 1145 1312 llrgo
1159 1220 1299 1287 charitas
1314 1226 1415 1306 magis
1430 1226 1621 1291 consistitis
1641 1235 1741 1296 amori
1753 1234 1854 1315 quam

1060 1315 1093 1358 sn
1106 1316 1218 1362 amore.

1099 1377 1160 1440 Sed
1175 1384 1288 1444 contra
1303 1385 1351 1444 est
1366 1383 1452 1462 quod
1465 1385 1677 1469 Philosophus
1692 1391 1814 1456 dicitis
1832 1393 1854 1456 8

1057 1456 1261 1552 Ethic.,·cap.
1290 1459 1321 1535 8,
1345 1459 1365 1524 d
1385 1465 1501 1542 princ,
1521 1467 1608 1545 qudd
1623 1488 1673 1532 mu
1695 1472 1722 1534 is
1742 1474 1853 1536 selstr'l

1058 1545 1201 1599 assectae
1216 1556 1251 1600 m
1264 1557 1366 1601 amare
1379 1543 1471 1622 qadm
1489 1545 1525 1606 in
1537 1548 1647 1610 assari.
1685 1550 1723 1612 ed
1737 1553 1852 1616 chari-

1057 1619 1106 1678 las
1117 1622 1165 1678 est
1174 1618 1313 1681 amicitia
1327 1621 1484 1699 quedam.
1500 1624 1586 1705 Ergo
1599 1628 1738 1693 charitas
1749 1633 1850 1714 magis

1058 1696 1204 1758 consistit
1218 1698 1252 1758 in
1267 1715 1368 1759 amore
1381 1699 1480 1778 qudm
1492 1703 1526 1765 in
1540 1707 1651 1769 amari.

1096 1775 1286 1854 Respondeo
1295 1777 1465 1841 dicendum
1479 1782 1565 1860 qudd
1578 1803 1688 1850 amare
1701 1792 1850 1854 convenit

1057 1851 1225 1926 charitati,
1243 1856 1450 1935 inquantum
1468 1866 1517 1923 εει
1531 1863 1683 1928 charitas.
1702 1868 1849 1934 Charitas

1056 1933 1165 2005 enim,
1194 1929 1268 1995 cium
1292 1937 1334 1996 sit
1358 1937 1459 2000 virtus
1481 1939 1646 2019 quaedam,
1674 1947 1849 2014 secundum

1056 2027 1150 2073 snam
1164 2013 1337 2076 essentiam
1354 2015 1451 2080 habet
1465 2019 1706 2086 inclinationem
1722 2026 1762 2090 ad
1775 2046 1850 2107 pro-

1055 2091 1162 2168 prium
1189 2095 1307 2154 actum.
1330 2093 1440 2158 hmari
1462 2101 1570 2161 autem
1597 2119 1663 2164 non
1687 2111 1736 2167 εει
1755 2113 1848 2171 aetus

1055 2169 1221 2232 charitatis
1235 2172 1336 2251 ipsius
1354 2176 1410 2254 qui
1425 2183 1572 2252 amalus,
1592 2181 1647 2244 sed
1661 2188 1752 2247 actus
1765 2186 1849 2251 cha*
1957 2173 1964 2194 ⁸

1053 2248 1157 2311 sitatis
1172 2249 1241 2328 ejus
1255 2255 1305 2312 εει
1325 2268 1453 2330 amare;
1468 2257 1570 2320 amari
1584 2266 1692 2323 autem
1714 2281 1850 2344 compe-

1055 2328 1091 2388 tit
1112 2328 1142 2388 ei
1161 2329 1337 2392 secundum
1358 2350 1562 2398 communem
1581 2341 1740 2404 salionem
1757 2345 1847 2419 boni,

1053 2406 1150 2485 prout
1164 2407 1284 2471 scilieet
1298 2410 1338 2472 ad
1351 2411 1421 2491 ejus
1435 2414 1555 2476 bonum
1573 2418 1656 2480 alius
1668 2438 1727 2498 per
1738 2427 1847 2485 actum

1054 2485 1219 2548 charitalis
1250 2493 1409 2551 movetur.
1441 2492 1529 2555 Unde
1560 2495 1766 2562 manifestum
1798 2509 1848 2566 est

1053 2563 1305 2660 quddcharitati
1325 2570 1426 2650 magis
1451 2574 1603 2636 convenit
1618 2593 1728 2642 amare
1747 2578 1847 2659 qudm

1053 2659 1168 2706 amari.

1092 2723 1194 2802 Magis
1209 2725 1296 2788 enim
1309 2728 1459 2791 convenit
1471 2731 1648 2812 unicuique
1661 2736 1747 2813 quod
1763 2753 1846 2800 con-

1052 2802 1141 2864 venit
1157 2804 1187 2864 ei
1202 2822 1260 2882 per
1274 2823 1309 2868 se
1324 2810 1355 2868 et
1369 2809 1635 2888 substantialiter,
1648 2813 1746 2892 qudm
1759 2817 1846 2896 quod

1052 2883 1202 2944 convenit
1215 2883 1245 2944 ei
1259 2901 1317 2962 per
1329 2885 1427 2948 aliud.
1439 2888 1479 2948 Et
1492 2888 1588 2969 hujus
1601 2891 1721 2972 duplex
1735 2903 1784 2958 est
1795 2897 1847 2958 si-

1051 2977 1178 3099 phum:
1202 2962 1341 3041 primum
1362 2965 1503 3043 quidem,
1526 2969 1604 3047 quia
1623 2973 1716 3035 amici
1741 2977 1845 3056 magis

1064 3039 1226 3102 audantur
1240 3059 1281 3102 ex
1296 3041 1357 3104 hoc
1376 3043 1463 3121 qudd
1479 3053 1601 3122 amant,
1615 3067 1714 3128 quam
1727 3071 1769 3115 ox
1785 3053 1846 3118 hoc

1050 3119 1137 3196 qudd
1163 3123 1509 3201 amantursquinimb,
1534 3127 1650 3190 sinon
1678 3137 1788 3195 amant
1814 3137 1845 3200 et

1050 3200 1210 3272 amentur,
1222 3199 1457 3278 vituperantur.
1469 3203 1614 3268 Secundd
1624 3210 1702 3287 quia
1712 3217 1843 3289 matres,

1049 3293 1122 3372 quae
1144 3277 1284 3371 maxime
1307 3286 1428 3355 amant,
1456 3283 1529 3378 ptus
1555 3293 1706 3364 querunt
1732 3307 1844 3354 amare

1049 3359 1563 3528 lassataslasatas:
1578 3367 1869 3526 llllltlsllt

1047 3521 1180 3583 autnon.
1197 3523 1225 3577 el
1238 3525 1342 3609 pmarst
1354 3520 1486 3612 quidem,
1496 3523 1653 3588 reducturi
1667 3535 1843 3592 ostensos

1047 3600 1574 3770 supasppfnssplpnoppgptpcsepdum
1593 3683 1679 3762 qudd
1691 3686 1840 3779 meliores

1047 3752 1841 3922 {leallllhllalht{illustrata

1045 3908 1198 3985 charitas,
1210 3915 1286 3973 sunt
1295 3914 1397 3993 magis
1411 3921 1555 3980 amantes
1568 3939 1577 3994 3
1594 3921 1770 3986 secundum
1784 3929 1841 3990 ta-

1044 4004 1118 4048 men
1142 3991 1383 4070 proportionem
1398 3996 1496 4056 amati
1516 4016 1524 4056 ε
1543 4003 1710 4062 nonenim
1724 4005 1840 4067 melior

1044 4065 1151 4129 minsis
1173 4073 1261 4130 amat
1281 4069 1311 4130 id
1334 4071 1421 4149 quod
1438 4072 1523 4137 infra
1537 4076 1642 4155 ipsum
1658 4084 1722 4156 est,
1738 4081 1839 4160 qudm

1044 4146 1181 4209 asnabile
1203 4147 1255 4223 sit,
1282 4148 1366 4211 sicut
1387 4150 1440 4212 ille
1462 4154 1519 4232 qui
1534 4159 1582 4217 est
1605 4158 1711 4222 minsis
1733 4161 1837 4225 bonus

1043 4239 1108 4284 non
1117 4227 1253 4366 {lyfingus
1257 4226 1297 4289 ad
1305 4230 1479 4293 amandum
1489 4233 1666 4314 moliorem,
1679 4237 1838 4319 quantum

1042 4316 1114 4366 ama
1140 4322 1189 4366 ils
1204 4323 1238 4368 es
1254 4347 1263 4366 ο
1294 4321 1298 4356 2
1866 4357 1870 4366 ¹

1083 4381 1128 4442 Ad
1146 4383 1322 4446 seeundum
1336 4386 1504 4452 dicendum
1518 4391 1616 4484 qudd,
1632 4397 1715 4461 sicut
1731 4353 1839 4464 Psilos

1041 4461 1163 4540 sophus
1189 4463 1265 4525 dicit
1285 4465 1424 4542 ibidem,
1447 4468 1584 4534 hommes
1598 4476 1709 4539 solsol
1722 4481 1835 4550 emori,
1864 4500 1868 4510 ·

1041 4539 1837 4709 ttslltttttl'littthstslltdalth&

1042 4697 1133 4758 nium
1158 4699 1234 4762 boni
1262 4700 1295 4763 in
1320 4705 1390 4783 ipso
1412 4707 1468 4785 qui
1488 4708 1685 4788 honoratur,
1707 4717 1753 4781 ila
1776 4736 1836 4798 per

1041 4775 1104 4838 hoc
1122 4777 1208 4872 qudd
1225 4781 1343 4861 aliquis
1363 4791 1509 4861 amatur,
1524 4792 1704 4856 ostenditur
1715 4796 1747 4857 in
1763 4798 1834 4876 ipso

1040 4873 1111 4918 esse
1143 4859 1273 4938 ahquod
1303 4863 1448 4939 bonnm,
1474 4869 1552 4944 quia
1579 4872 1683 4933 solum
1711 4873 1852 4940 bonum·

1039 4936 1178 4999 amabile
1192 4943 1251 5001 εει.
1267 4939 1317 5002 Sic
1329 4959 1406 5022 ergo
1416 4946 1517 5006 amari
1533 4951 1564 5008 et
1577 4948 1730 5015 honorari
1745 4973 1834 5036 qure-

1039 5020 1115 5077 runt
1126 5016 1270 5080 homines
1282 5027 1414 5098 propter
1428 5022 1526 5098 aliud,
1545 5027 1666 5092 scilicet
1679 5031 1719 5094 ad
1729 5037 1834 5098 mani·

1039 5093 1241 5158 testationem
1256 5099 1331 5159 boni
1347 5099 1381 5160 in
1394 5106 1502 5164 amato
1515 5106 1693 5173 existentis.
1714 5115 1832 5180 Amare

1039 5177 1147 5268 autem
1167 5180 1316 5253 querunt
1330 5179 1519 5244 charitatem
1536 5184 1691 5252 habentes
1706 5210 1831 5258 secun-

1038 5250 1114 5314 dum
1135 5270 1182 5328 sc,
1205 5256 1299 5333 quasi
1317 5257 1424 5337 ipsum
1447 5261 1488 5323 sit
1505 5265 1625 5328 bonum
1643 5269 1828 5350 charitatiss

1039 5331 1121 5392 sicut
1134 5335 1165 5394 et
1177 5335 1313 5412 quilibet
1322 5343 1413 5400 aolus
1426 5340 1554 5404 virtutis
1569 5351 1618 5407 est
1633 5349 1754 5412 bonum
1766 5353 1831 5416 sir·

1037 5410 1114 5473 tulis
1130 5412 1229 5475 illius.
1250 5413 1339 5478 Unde
1355 5420 1457 5500 magis
1477 5423 1613 5498 pertinet
1627 5425 1667 5488 ad
1682 5430 1831 5496 charita-

1037 5495 1101 5552 tem
1115 5492 1197 5555 selle
1212 5509 1333 5570 amare,
1346 5495 1444 5576 quam
1457 5501 1539 5563 velle
1555 5507 1656 5566 amari

1072 5568 1268 5664 'hdutertium
1287 5573 1455 5640 dicendum
1476 5579 1562 5658 qudd
1581 5589 1712 5664 propter
1730 5592 1830 5656 amari

1036 5647 1137 5726 ahqus
1160 5656 1287 5728 amant3
1313 5672 1378 5718 non
1399 5657 1443 5720 ita
1460 5658 1545 5738 qudd
1570 5665 1671 5726 amari
1692 5668 1733 5730 sit
1754 5669 1828 5734 linis

1036 5726 1106 5806 ojus
1133 5730 1219 5806 quod
1244 5735 1291 5794 est
1314 5751 1433 5811 amare,
1457 5737 1513 5801 scd
1535 5739 1574 5803 ed
1598 5743 1684 5821 qudd
1707 5753 1756 5810 εει
1775 5750 1829 5818 sia

1036 5805 1183 5886 quaedam
1199 5809 1313 5877 adhoc
1326 5815 1480 5880 inducens
1496 5819 1582 5899 qudd
1597 5821 1693 5888 homo
1709 5835 1805 5894 amet.
