4070 6338
286 389 355 445 rw
500 419 503 424 .
724 373 858 438 sunnn
878 369 1103 431 rnuonourcu
1120 369 1277 433 succum
1294 368 1475 429 sucunun.
1689 365 1704 392 ··
1827 370 1880 430 nn

284 501 553 649 sterilior
570 489 1077 656 tilbfllvbfrlltltls
1124 483 1881 649 *billitr-,timiditatis

287 661 448 726 mortale:
465 659 527 722 uisi
551 657 602 720 vel
624 672 683 736 pro
705 658 754 716 ter
778 653 994 730 contemptum
1016 665 1079 712 re-
1170 647 1235 789 -ἇ
1269 666 1337 728 up..
1352 655 1458 728 quest.
1476 644 1552 722 let,
1568 583 1677 722 areg,
1691 649 1882 730 rorp.‚fo.,et

286 743 386 824 gulae,
403 739 557 820 quiahoc
577 735 664 800 direc
721 733 938 796 contrariatur
951 728 1078 809 profes·
1170 728 1201 804 l,
1235 729 1287 792 ist.
1302 725 1351 802 lt,
1367 745 1419 808 qu.
1436 728 1466 801 1,
1484 733 1546 788 ort.
1565 725 1595 801 b,
1616 724 1810 820 quebodi.)

287 821 393 896 sioni,
421 837 480 900 per
508 832 608 898 quam
636 815 753 894 aliquis
781 813 869 875 vovit
895 810 1078 890 regularem
1171 807 1218 890 Ad
1247 806 1405 869 decimum
1433 807 1479 870 sie
1505 805 1697 885 proceditur.
1725 807 1752 866 l.
1778 805 1885 868 Videtur

286 903 406 974 vitam3
423 898 472 965 vel
489 899 621 978 propter
634 896 829 989 preceptum
844 893 911 953 sive
926 885 1077 951 oretenus
1131 888 1217 968 qudd
1240 887 1413 968 religiosus
1437 887 1549 949 eodein
1573 903 1689 966 genere
1709 885 1818 964 peccati
1834 903 1885 946 non

287 979 454 1061 dproelato
468 977 599 1051 facturn,
617 975 731 1039 sivein
747 969 859 1051 regula
874 985 1076 1063 cupressum,
1130 965 1264 1108 {cavius
1279 971 1389 1046 peccet
1401 965 1502 1108 {urim
1517 965 1683 1029 secularis.
1697 965 1809 1027 Dicitur
1820 965 1886 1055 euim

287 1061 365 1140 quia
383 1059 445 1122 boc
460 1060 546 1122 esset
560 1053 665 1119 facere
681 1057 794 1118 contra
809 1049 998 1113 obedientie
1015 1065 1079 1110 vo·
1163 1047 1302 1126 Paralip.
1324 1046 1374 1120 30,
1392 1047 1407 1108 1
1453 1068 1462 1108 z
1484 1047 1639 1108 Dominus
1653 1045 1748 1108 bouus
1759 1046 1887 1124 propitiu-

288 1145 369 1202 tum.
1132 1127 1219 1192 bitur
1231 1126 1354 1189 eunctis
1367 1128 1422 1207 qui
1436 1128 1470 1188 in
1485 1133 1551 1188 toto
1565 1124 1657 1187 corde
1676 1125 1826 1206 requirunt
1837 1121 1881 1184 Do

327 1220 375 1282 Ad
397 1218 537 1298 primum
553 1233 630 1296 ergo
651 1212 820 1276 dicendum
842 1207 929 1289 qudd
950 1209 1004 1272 ille
1022 1207 1079 1288 qul
1131 1209 1250 1270 minum
1262 1208 1361 1269 Deum
1371 1214 1500 1286 patrum
1521 1224 1668 1276 suorum:
1691 1213 1719 1266 et
1737 1204 1883 1280 nondum

287 1299 456 1380 profitetur
466 1297 624 1377 regulam,
640 1311 705 1356 non
718 1296 814 1355 vovet
828 1305 958 1352 servare
970 1288 1080 1351 omnia
1134 1286 1211 1350 tobit
1234 1287 1296 1358 cio,
1318 1285 1401 1368 quid
1423 1285 1527 1348 mindo
1548 1285 1735 1367 sanctificati
1754 1291 1828 1344 suot.
1846 1281 1887 1342 Sco

288 1397 361 1456 quae
374 1382 449 1441 sunt
473 1377 507 1439 in
531 1374 644 1456 reguld
672 1395 688 1448 ι,
704 1372 759 1435 sed
780 1372 874 1435 vovet
896 1368 1080 1449 regularem
1131 1369 1234 1449 magis
1247 1367 1396 1430 videntur
1408 1367 1552 1448 religiosi
1573 1384 1615 1429 ex
1629 1361 1886 1427 totocordeDomi·

290 1460 408 1532 vitam,
424 1474 497 1536 quat
520 1453 734 1519 essentialiter
757 1449 904 1513 consistit
927 1450 961 1509 iu
976 1448 1079 1510 tribus
1133 1465 1212 1509 uum
1228 1448 1331 1510 Deum
1347 1453 1477 1526 patrum
1491 1464 1626 1509 suorum
1642 1445 1744 1524 sequi,
1759 1440 1845 1522 quim
1855 1458 1889 1502 se

288 1537 457 1616 predictis.
470 1536 559 1598 Unde
573 1537 604 1597 et
616 1535 650 1594 iu
662 1529 855 1610 quibusdam
868 1527 1079 1608 religionibus
1134 1527 1280 1603 cularcs,
1299 1529 1355 1606 qui
1372 1531 1519 1606 exparte
1534 1547 1568 1589 se
1584 1533 1615 1592 ut
1628 1542 1690 1588 sua
1702 1526 1766 1586 Deo
1778 1522 1857 1592 dant,
1869 1523 1889 1579 et

289 1613 415 1680 cautius
429 1617 528 1710 aliqui
547 1613 738 1693 profitentur
751 1627 817 1672 non
838 1607 967 1688 quidem
982 1623 1081 1687 regu-
1134 1626 1176 1669 ει
1198 1610 1289 1687 parte
1308 1607 1368 1669 sibi
1391 1611 1577 1682 reservant,
1597 1611 1633 1668 ut
1654 1603 1817 1685 Gregorius
1836 1599 1891 1660 dicit

289 1697 374 1772 lam,
391 1695 445 1758 sed
458 1712 566 1758 vivere
587 1690 765 1756 secundum
786 1689 950 1769 regulam,
966 1686 1080 1762 idest,
1135 1705 1233 1766 super
1250 1686 1363 1748 Ezecb.
1391 1687 1502 1749 homil.
1527 1687 1586 1763 20,
1608 1685 1693 1748 iuter
1711 1682 1789 1745 med.
1810 1685 1837 1743 ct
1852 1679 1892 1739 du.

289 1775 420 1838 tondere
434 1775 474 1838 ad
489 1775 550 1836 boc
568 1777 605 1833 ut
622 1771 739 1849 aliquis
759 1786 865 1830 mores
884 1784 960 1830 suos
974 1765 1082 1827 infor·
1133 1766 1219 1848 Ergo
1231 1767 1357 1828 videtur
1370 1764 1457 1844 qubd
1470 1764 1576 1827 minius
1591 1767 1764 1844 imputetur
1775 1762 1826 1833 eis,
1838 1759 1859 1820 si
1868 1757 1892 1816 iu

290 1859 354 1916 mct
382 1852 558 1916 secuudum
589 1850 756 1931 regulam,
785 1849 868 1911 sicut
906 1843 1082 1909 secundum
1135 1843 1726 1926 aliquodsanctificationedellciant.

291 1934 453 2012 quoddam
468 1931 636 2010 exemplar
651 1951 657 1989 :
675 1935 706 1992 ct
721 1930 782 1991 boc
796 1927 920 1989 tollitur
935 1943 992 2006 per
1007 1941 1083 1986 con·
1173 1924 1203 1985 2.
1227 1926 1399 2000 Preterea,
1424 1943 1467 1986 er
1499 1925 1561 1986 hoc
1586 1923 1674 2004 quod
1698 1921 1807 2000 aliquis
1830 1920 1895 1979 bona

290 2017 457 2092 temptum.
479 2013 516 2073 ln
533 2010 725 2090 quibusdam
742 2011 850 2072 autem
873 2005 1082 2099 religionibus
1136 2021 1234 2084 opera
1247 2004 1340 2081 facit,
1356 2002 1462 2067 mimis
1477 2009 1591 2068 contra
1612 2007 1743 2084 paccata
1756 1999 1818 2081 ejus
1830 1999 1895 2059 Deus

292 2092 398 2156 adbuc
421 2089 547 2156 cautiirs
575 2089 765 2169 profitentur
787 2086 1002 2149 obedientlam
1026 2102 1084 2146 se-
1136 2085 1318 2147 irascitur:
1341 2083 1564 2146 diciturenim
1589 2085 1609 2144 2
1634 2082 1771 2162 Paralip.
1795 2079 1838 2152 rs,
1858 2075 1895 2134 i:

293 2168 432 2234 cundrlm
454 2171 616 2253 regulam3
630 2169 677 2232 ita
699 2167 785 2246 quod
810 2165 1002 2244 professioni
1017 2180 1084 2226 uon
1136 2165 1238 2243 lmpio
1259 2162 1375 2244 prebes
1399 2163 1571 2245 aemilium,
1597 2171 1626 2226 et
1650 2163 1698 2224 bis
1719 2160 1772 2256 qui
1791 2158 1896 2219 oderant

292 2251 509 2314 contrariatur
523 2250 585 2311 nisi
607 2247 638 2310 id
652 2247 739 2327 quod
763 2250 811 2309 est
829 2249 943 2308 contra
962 2255 1086 2322 prtcce-
1136 2244 1321 2312 Dominum,
1337 2244 1476 2306 amicitie
1482 2244 1628 2324 jungeris
1645 2265 1656 2304 :
1672 2250 1700 2305 et
1714 2238 1824 2305 idcirco
1838 2237 1898 2298 trm

292 2334 382 2410 ptum
397 2330 534 2412 regule,
548 2327 765 2468 transgressio
781 2325 874 2402 verb,
885 2324 938 2387 vel
951 2323 1084 2385 omissio
1137 2322 1259 2405 quidem
1271 2323 1401 2385 Domini
1413 2321 1587 2393 tenebaris,
1602 2321 1657 2386 sed
1670 2321 1750 2384 bono
1762 2335 1845 2399 opem
1855 2315 1897 2374 in·
1971 2327 1972 2330 ’

292 2408 431 2472 aliorum
448 2409 513 2471 obli
537 2413 569 2470 at
589 2408 639 2470 sol
663 2425 695 2467 m
709 2406 749 2469 ad
763 2408 929 2485 peecatum
943 2402 1082 2478 veniale,
1137 2410 1229 2466 venta
1242 2409 1315 2464 snm
1335 2402 1371 2463 in
1392 2409 1431 2463 te.
1449 2402 1602 2483 Religiosi
1615 2407 1725 2465 autem
1737 2400 1822 2479 plura
1834 2397 1898 2456 bora

292 2489 386 2568 quia,
402 2489 485 2551 sicut
527 2489 624 2550 ictum
638 2491 687 2548 cst
708 2491 770 2548 art.
785 2485 804 2543 'f
818 2482 886 2546 bu‘.
903 2502 977 2562 qu.,
991 2482 1030 2546 ad
1044 2479 1084 2558 2,
1137 2499 1237 2562 opera
1248 2481 1371 2546 faciunt
1380 2480 1480 2561 qudm
1493 2483 1670 2546 seculares.
1681 2481 1764 2562 Ergo
1777 2479 1801 2540 si
1813 2475 1898 2550 aliqua

292 2567 475 2649 hujusmodi
499 2567 724 2648 dispositiones
739 2567 816 2627 sunt
837 2504 875 2627 ad
894 2562 1086 2642 principalia
1138 2566 1270 2642 peccata
1287 2561 1421 2638 faciunt,
1436 2559 1544 2625 minrls
1554 2566 1675 2626 contra
1690 2577 1745 2624 cos
1760 2559 1836 2621 Deus
1849 2553 1899 2613 iru-

292 2653 377 2710 vota.
389 2649 556 2711 Peccatum
567 2645 860 2710 autemvenialcesl
869 2643 916 2706 dis
941 2643 1036 2705 ositio
1047 2641 1086 2704 ad
1139 2643 1250 2705 scitur.

293 2728 439 2804 mortale,
451 2727 615 2789 utdictum
630 2731 678 2787 est
693 2723 765 2798 1-2,
781 2727 894 2802 quaest.
952 2768 959 2798 ,
975 2727 1038 2785 art.
1055 2721 1085 2797 3,
1178 2722 1208 2782 3.
1231 2724 1399 2796 Praeterea,
1411 2739 1553 2801 praesens
1566 2722 1633 2786 vila
1644 2717 1899 2799 sinepeccalonon

293 2807 328 2868 iu
340 2812 499 2885 quantum
511 2804 642 2884 impedit
656 2821 695 2868 ea
706 2803 825 2883 quibus
839 2803 957 2882 aliquis
971 2801 1087 2880 dispo·
1139 2802 1346 2883 transigitur,
1371 2799 1548 2864 secundum
1565 2802 1644 2864 illud
1663 2799 1771 2864 Jacobi
1784 2795 1811 2870 3,
1824 2794 1841 2854 2
1853 2813 1859 2852 :
1870 2790 1900 2850 lv

294 2886 382 2947 nitur
409 2887 449 2948 ud
482 2883 684 2948 observanda
711 2884 903 2963 principalia
929 2886 1089 2961 praccepta
1138 2881 1245 2944 multis
1260 2881 1445 2962 offendimur
1465 2899 1579 2943 omncs.
1595 2880 1627 2943 Si
1644 2899 1722 2962 ergo
1736 2878 1902 2958 peccaturo-

292 2964 582 3056 regnorumque
597 2970 674 3027 sunt
685 2966 845 3055 praccepta
858 2962 1036 3024 charitatis.
1050 2963 1087 3023 lu
1139 2961 1329 3040 ligiosorum
1342 2965 1451 3022 essent
1466 2962 1616 3042 graviora
1640 2959 1778 3040 peccatis
1798 2951 1903 3018 secula-

294 3042 405 3121 aquud
416 3048 523 3105 tamen
536 3042 710 3123 religione,
729 3041 850 3104 scilicet
862 3041 990 3102 Ordinis
1005 3041 1090 3104 Fra·
1139 3041 1245 3116 rium,
1261 3044 1453 3119 sequeretur
1495 3039 1559 3102 udd
1582 3041 1727 3122 religiosi
1744 3037 1840 3100 essent
1857 3046 1903 3109 pc-

293 3128 380 3184 trum
402 3122 671 3198 Praedicatorum,
694 3121 908 3202 transgressio
932 3120 1088 3194 talis,vel
1137 3121 1217 3202 joris
1231 3119 1422 3182 conditionis
1437 3139 1482 3200 qu
1505 3139 1536 3181 m
1552 3120 1719 3183 seculares
1736 3140 1744 3181 ι
1760 3123 1790 3179 et
1806 3113 1904 3176 sicnou

294 3202 427 3264 omissio
437 3221 477 3266 er
491 3219 551 3265 suo
566 3220 683 3283 genere
696 3218 762 3263 non
776 3200 897 3283 obligat
911 3199 950 3261 ad
960 3200 1088 3278 culpam
1142 3205 1226 3263 osset
1239 3217 1354 3263 sanum
1376 3200 1546 3263 consilium
1566 3200 1605 3263 ad
1621 3199 1808 3281 religionem
1820 3198 1904 3253 traus-

294 3300 408 3361 neque
415 3283 594 3356 mortalem,
607 3299 712 3360 neque
724 3280 896 3353 venialem,
913 3278 968 3343 sed
982 3277 1088 3341 solirm
1141 3280 1200 3342 ire.

294 3359 335 3424 ad
356 3379 484 3442 poeuam
506 3364 649 3425 taxmam
676 3358 913 3433 sustinendam,
938 3359 1017 3437 quia
1031 3375 1089 3439 per
1180 3359 1239 3423 Sed
1252 3362 1366 3423 contra
1378 3366 1426 3422 cst
1468 3356 1533 3422 ubd
1546 3359 1585 3423 de
1600 3360 1720 3441 majori
1735 3355 1816 3419 mulo
1826 3346 1904 3426 magis

218 3445 221 3452 '
294 3441 381 3502 hunc
391 3440 521 3502 modum
532 3440 571 3504 ad
582 3440 660 3504 talia
671 3439 870 3502 observanda
882 3438 1087 3519 obligantur:
1140 3378 1905 3520 videturessedolen‘dumsseddepecoatiseorun

294 3521 350 3598 qui
365 3523 473 3584 tamen
487 3524 621 3600 possent
640 3520 826 3593 venialiter,
839 3517 890 3580 vel
911 3517 1090 3578 mortaliter
1141 3520 1197 3598 qui
1216 3520 1339 3584 suntin
1361 3522 1447 3581 statu
1467 3518 1647 3582 sanctitatis
1666 3523 1698 3582 et
1712 3511 1905 3599 perfectionis,

294 3616 429 3676 peccare
443 3618 484 3662 ox
499 3597 706 3680 negligentia,
722 3599 773 3662 vel
785 3597 928 3673 libidine,
944 3615 1001 3660 seu
1012 3614 1089 3659 cou·
1141 3599 1281 3661 maxime
1295 3598 1420 3662 videtur
1432 3617 1502 3662 esso
1515 3599 1691 3661 dolendum
1703 3587 1905 3659 :diciturenim

294 3683 428 3757 templu.
1141 3678 1258 3740 Jerem.
1288 3679 1360 3754 23,
1396 3678 1647 3742 efflorentem
1679 3687 1725 3740 cst
1753 3689 1805 3738 cor
1832 3679 1907 3730 mmm

336 3758 385 3821 Ad
405 3757 580 3822 secundum
600 3757 770 3821 dicendum
787 3755 874 3836 quod
895 3757 1090 3821 non‘omuia
1142 3759 1177 3821 ia
1192 3757 1291 3819 medio
1317 3761 1398 3827 met;
1425 3762 1457 3820 et
1483 3762 1595 3838 postea
1625 3757 1759 3821 subdit:
1775 3746 1906 3828 Propter

320 3856 367 3902 uu
381 3841 588 3902 continentur
602 3838 635 3899 in
650 3838 740 3919 lege,
753 3835 926 3900 truduntur
941 3855 999 3916 per
1013 3854 1090 3898 mo-
1141 3855 1271 3918 numque
1284 3845 1313 3898 et
1336 3836 1479 3900 sorados
1499 3838 1621 3918 polluti
1642 3844 1738 3908 sunt;
1756 3841 1782 3895 et
1795 3833 1826 3895 in
1838 3827 1906 3888 dont

294 3858 370 3981 gum
383 3920 549 3998 pracepti3
564 3917 619 3980 sed
631 3917 778 3998 quiedam
791 3922 1020 3996 proponuntur
1032 3934 1090 3994 per
1141 3919 1206 3978 med
1229 3915 1335 3980 inueni
1357 3916 1472 3978 mulum
1497 3936 1612 3981 eorum.
1631 3919 1721 4012 Ergo
1742 3907 1870 3992 religiosi
1886 3903 1908 3995 cl

295 3998 426 4060 modum
455 3998 666 4060 ordinationis
702 3993 871 4078 cujusdam
896 3997 947 4060 vel
978 3996 1090 4058 statuti
1142 3997 1198 4060 alii
1221 4000 1277 4077 qui
1300 4001 1376 4059 sunt
1399 3999 1433 4057 iu
1457 4001 1543 4060 statu
1564 3995 1791 4078 perfectionis,
1811 3991 1907 4052 cotona

297 4077 468 4158 obligantis
489 4074 529 4139 ad
549 4081 670 4138 certam
687 4093 826 4153 poenam.
847 4077 935 4138 Sicut
957 4093 1034 4155 orgo
1055 4075 1089 4140 in
1142 4077 1288 4157 paribus,
1305 4076 1436 4158 gravius
1454 4079 1600 4157 peccant,

295 4155 367 4237 le‘ge
389 4155 475 4219 civili
499 4172 564 4217 uon
592 4155 667 4217 facit
689 4172 816 4232 semper
838 4154 970 4294 dignum
995 4154 1090 4232 poend
1181 4156 1370 4235 Respondeo
1385 4157 1555 4219 dicendum
1570 4157 1658 4239 quod
1670 4139 1908 4238 peccatumque!

296 4235 408 4298 mortis
432 4234 610 4314 corporalis
638 4233 852 4313 transgressio
891 4234 990 4313 egalis
1017 4237 1091 4297 sta-
1143 4230 1337 4315 elreligiosis
1354 4237 1574 4312 committitur,
1611 4241 1698 4300 otest
1714 4251 1785 4298 esso
1804 4224 1908 4314 gravii!

296 4319 376 4388 tuti;
395 4315 439 4377 ita
453 4333 511 4378 nec
532 4314 566 4375 iu
581 4314 650 4394 lege
663 4313 815 4376 Ecclesiae
830 4330 941 4374 ornnes
957 4311 1091 4377 ordina·-
1142 4322 1275 4396 peccato
1294 4317 1489 4379 secularium
1505 4316 1573 4398 ejus
1597 4335 1649 4381 cm
1665 4314 1785 4396 speciei
1801 4305 1910 4387 triplici·

296 4395 413 4470 tiones,
428 4395 478 4458 vel
494 4393 623 4474 publica
644 4387 764 4456 statuta
783 4392 929 4472 obligant
945 4393 985 4456 ad
999 4410 1090 4455 mor-
1143 4400 1203 4458 ter.
1220 4395 1290 4457 Uno
1307 4396 1419 4470 modo,
1436 4396 1463 4458 si
1485 4397 1525 4458 sit
1543 4399 1657 4460 eontra
1672 4400 1784 4461 votum
1799 4385 1910 4466 religio·

297 4475 379 4548 tale3
395 4479 426 4535 et
449 4474 596 4536 similiter
616 4492 676 4536 nce
698 4473 807 4536 omnia
822 4476 942 4536 statuta
957 4474 1087 4554 regule.
1143 4475 1211 4550 uis;
1226 4473 1304 4554 puta
1321 4475 1348 4536 si
1361 4475 1531 4558 religiosus
1543 4477 1724 4539 fornicetur
1737 4474 1788 4540 vel
1800 4470 1909 4534 tumtur,

337 4553 385 4616 Ad
400 4555 529 4616 tertium
541 4553 710 4616 dicendum
730 4553 815 4631 qubd
831 4558 907 4616 tunc
921 4554 1090 4620 committit
1143 4555 1221 4635 quia
1233 4553 1421 4617 fornicando
1435 4556 1633 4620 facitcontra
1647 4562 1763 4620 rutum
1773 4549 1910 4616 contineo·

297 4632 436 4713 aliquis,
460 4633 513 4696 vel
537 4633 792 4727 transgreditur,
816 4653 857 4696 ex
880 4640 1087 4728 popternptu,
1143 4635 1213 4730 tice,
1227 4637 1258 4696 et
1274 4633 1413 4732 furando
1426 4634 1500 4697 facit
1514 4641 1627 4701 contra
1637 4643 1751 4701 votum
1767 4629 1906 4722 pauperia

297 4713 801 4874 tillibltblltdbllll
817 4713 1091 4872 illibatis
1142 4710 1912 4890 {cristallis}tlblrtmtlllbfllt

297 4871 478 4936 faciendum
487 4877 601 4936 contra
611 4873 714 4952 legem
725 4871 1088 4953 velregulam2quaudo
1142 4892 1185 4936 ex
1206 4875 1267 4935 boo
1287 4873 1413 4938 videtur
1434 4892 1505 4937 esso
1526 4893 1578 4938 ma
1603 4875 1628 4938 ’s
1649 4880 1803 4958 'ingratus
1820 4859 1911 4928 divinis

297 4951 434 5014 autemd
449 4969 608 5016 converso
623 4956 752 5031 propter
762 4953 904 5032 aliquam
915 4951 1089 5030 particula·
1142 4953 1322 5028 beneficiis,
1338 4953 1456 5032 quibus
1476 4957 1526 5016 est
1548 4895 1743 5018 suffilimatus
1762 4951 1800 5016 ad
1818 4949 1911 5010 statum

296 5050 366 5093 rem
380 5049 524 5107 causam,
536 5030 614 5111 putd
626 5031 920 5116 concupiscentium
930 5033 979 5093 vel
993 5031 1087 5109 iram,
1141 5033 1362 5112 perfectionis;
1374 5035 1457 5096 sicut
1464 5035 1635 5114 Apostolus
1643 5032 1768 5097 dicitad
1776 5031 1864 5094 Hebr·
1877 5017 1911 5088 1οι

296 5110 460 5173 inducitur
473 5113 513 5174 ad
534 5111 657 5191 aliquid
679 5110 859 5174 faciendum
881 5114 995 5174 contra
1016 5114 1089 5174 sta·
1143 5111 1228 5189 qudd
1254 5112 1355 5176 fidelis
1382 5115 1532 5194 graviora
1553 5120 1699 5188 meretur
1719 5107 1867 5191 supplicia
1883 5111 1911 5159 ex

296 5193 367 5254 tuta
381 5191 459 5272 legis
472 5192 524 5253 vel
538 5190 668 5270 regulae,
687 5207 753 5253 non
771 5195 880 5270 peccat
892 5210 933 5254 ex
946 5191 1089 5254 contemss
1141 5192 1203 5254 boc
1216 5192 1301 5272 qubd
1321 5193 1481 5272 peccando
1493 5193 1610 5256 Filium
1623 5193 1684 5256 Dei
1699 5189 1860 5259 conculcat
1871 5191 1914 5260 pel

297 5278 356 5350 ptu
372 5291 381 5332 r
398 5271 453 5334 scd
467 5289 509 5334 ex
523 5268 634 5350 aliqud
652 5270 717 5333 alid
737 5270 837 5333 causa
853 5291 861 5330 z
877 5272 1003 5333 etiamsi
1019 5270 1088 5334 fre-
1142 5277 1371 5350 contemptum.
1387 5273 1476 5336 Unde
1494 5276 1527 5335 et
1546 5275 1705 5336 Dominus
1730 5263 1913 5348 conqueritur
1971 5331 1972 5334 Ἴ

298 5355 436 5430 quenter
449 5369 491 5412 ex
504 5349 613 5415 eddom
628 5349 728 5414 causi
741 5351 790 5412 vel
810 5349 875 5413 alifi
895 5350 999 5413 similo
1014 5369 1087 5429 pec·
1141 5352 1257 5414 Jcrem.
1282 5352 1335 5428 11,
1356 5352 1393 5414 15
1411 5373 1417 5414 :
1435 5353 1520 5430 Quid
1539 5355 1682 5436 estquod
1703 5353 1832 5417 dilectus
1848 5355 1909 5406 mett
1971 5385 1972 5408 2

301 5437 411 5494 catum
423 5432 530 5493 iteret:
540 5432 624 5492 sicut
636 5434 668 5491 ct
682 5429 880 5510 Augustinus
892 5429 967 5490 dicit
993 5431 1025 5492 in
1041 5431 1088 5492 li·
1140 5433 1214 5510 [ecit
1227 5432 1262 5492 in
1273 5431 1362 5494 domo
1376 5432 1564 5496 mcdscrlerc
1583 5432 1710 5497 molta?
1723 5430 1829 5495 Tertio
1839 5417 1913 5486 modf
1971 5433 1972 5472 i

297 5509 404 5574 brodo
415 5508 710 5582 NaturAetGratid,
722 5507 1087 5589 cap.2o,amed.‚quod
1142 5514 1308 5591 peccatum
1323 5513 1464 5594 religiosi
1503 5518 1585 5578 otest
1599 5533 1671 5580 esse
1688 5514 1794 5577 ma'us
1806 5507 1912 5590 proptu
1971 5517 1972 5556 t

297 5607 363 5652 mom
378 5592 620 5670 omninlpeccata
636 5593 870 5654 committuntur
892 5608 930 5649 ccc
950 5599 1087 5653 contem-
1141 5591 1348 5666 scandalum,
1363 5595 1440 5672 quia
1459 5533 1500 5656 33
1516 5595 1613 5658 vitam
1628 5595 1702 5676 ejus
1717 5614 1739 5674 p
1754 5609 1826 5655 ures
1839 5577 1915 5659 tesbi·
1971 5651 1972 5672 ,

297 5681 356 5754 ptu
364 5670 525 5754 superbie.
548 5671 609 5733 Fre
633 5671 743 5734 uentia
759 5676 867 5733 tamen
884 5670 1008 5749 peccati
1022 5671 1086 5734 dis·
1142 5671 1231 5734 ciunt
1244 5691 1250 5732 :
1265 5673 1350 5735 unde
1370 5673 1486 5736 dicitur
1499 5676 1615 5739 Jerem.
1631 5675 1690 5749 23,
1706 5673 1746 5738 lt
1762 5694 1770 5734 ι
1788 5673 1828 5734 la
1844 5666 1913 5727 Pm-
1971 5689 1972 5738 q

296 5751 432 5848 positive
447 5750 569 5814 inducit
591 5690 632 5812 aa
655 5755 893 5830 contemptum,
909 5749 1087 5814 secundum
1139 5751 1239 5831 pletis
1264 5754 1436 5817 Jerusalem
1459 5754 1526 5819 vidi
1552 5754 1795 5820 similitudinem
1816 5741 1913 5812 aano-
1971 5749 1972 5752 ’

295 5830 377 5892 rllud
396 5833 548 5894 Proverb.
574 5829 628 5906 18,
648 5829 667 5889 3
684 5850 692 5890 2
708 5831 847 5910 Impius,
873 5829 942 5892 crim
957 5831 992 5892 in
1002 5849 1086 5910 pro·
1142 5833 1303 5903 rontium,
1326 5841 1353 5896 rt
1366 5834 1428 5895 iter
1448 5835 1619 5907 mendacii:
1633 5843 1662 5896 et
1676 5821 1912 5917 confortaveratl

295 5907 429 5988 madum
443 5911 561 5974 emerit
572 5915 785 5988 peccatorum.
804 5912 983 5975 contemnit·
1141 5929 1252 5976 monam
1284 5913 1506 5994 pessimorum,
1539 5925 1576 5979 ct
1601 5934 1669 5978 nom
1704 5909 1910 5980 conculcetis
