4138 6340
175 371 232 436 ln
658 361 793 432 QUAEST.
812 359 882 420 txl.
901 359 948 420 uu
966 357 1136 428 emrtuos
1152 306 1328 423 lusum.
1761 363 1814 420 l'lb

175 483 293 566 quest.
303 480 335 556 3,
349 483 381 548 et
391 475 594 548 libfflcont.
607 475 815 558 Faust.‚cap.
826 472 973 554 7⁰,un
1027 473 1250 564 expectandum
1286 473 1419 538 erector.
1441 471 1527 556 Ergo
1540 463 1730 550 distributio
1749 493 1815 542 non
1860 557 1864 562 Ι

175 563 261 628 rictu
278 571 361 626 terra
373 567 445 624 aute
458 558 554 625 utilia
566 557 682 622 semina
695 553 859 620 tertiarum
876 553 974 646 inuti·
1026 557 1164 634 pertinet
1178 553 1216 616 ad
1233 491 1375 634 alfquam
1386 553 1517 650 justitiae
1530 555 1680 636 speciem.
1916 566 1921 574 ·

175 643 257 714 laum
268 641 432 724 fertilitate
444 637 608 708 laudetur,
627 637 672 698 sic
692 634 773 698 illud
789 635 896 716 Mopse
918 635 975 712 sa·
1066 631 1095 692 2.
1118 633 1283 706 Praeterea,
1295 633 1427 714 justitiae
1440 639 1528 696 actus
1540 639 1588 696 est
1600 635 1731 698 reddere
1742 637 1816 698 unl-

175 733 262 784 ctum
275 721 424 784 vitiosam
437 717 559 800 quidem
572 717 645 800 [att.
661 713 714 778 sect
726 733 844 794 meque
854 713 974 796 fertili·
1027 713 1143 792 carique
1154 713 1240 792 quod
1254 731 1348 776 suum
1363 719 1421 786 est,
1434 719 1470 776 ut
1484 731 1582 794 supra
1595 715 1740 777 habitum
1753 721 1812 794 est,

176 803 255 866 tutis
269 803 393 880 siparum
403 797 537 878 parebat,
551 797 585 858 in
598 799 756 938 {uantum
774 794 894 887 scilicet
905 795 975 856 erat
1026 809 1083 930 351.
1099 791 1149 864 58,
1160 797 1226 886 art.
1244 792 1275 852 2.
1292 791 1351 854 Sed
1369 793 1402 854 ln
1416 789 1640 856 distributione
1654 811 1719 857 non
1735 797 1815 858 red-

174 883 308 960 siguum
325 879 454 942 virtutis
477 877 546 958 ejus
561 895 606 956 qu
640 875 797 956 populum
820 875 974 938 liberata·
1048 875 1112 932 rtur
1126 871 1221 934 alicui
1236 873 1322 951 quod
1340 891 1434 934 suum
1449 877 1529 948 erat,
1546 874 1601 936 sed
1612 873 1651 936 de
1662 891 1747 937 novo
1760 889 1816 956 ap-

173 979 234 1026 rus
260 963 340 1024 erat.
366 960 412 1020 Ilo
436 957 571 1020 Phineas
598 963 707 1020 autem
730 953 898 1017 dicendum
925 955 973 1016 cst
1026 951 1213 1090 propriatur
1234 953 1263 1014 ei
1287 951 1318 1014 id
1333 951 1419 1032 quod
1439 957 1508 1016 erat
1529 957 1708 1017 commuue.
1730 955 1816 1036 Ergo

174 1039 265 1118 qudd
276 1058 317 1102 ex
333 1038 545 1117 inspiratione
557 1033 665 1098 divind
676 1033 745 1103 zelo
760 1033 816 1096 Dei
830 1047 974 1094 commo-
1050 1047 1087 1090 oc
1098 1029 1137 1092 ad
1148 1029 1306 1109 justitiam
1320 1049 1385 1092 nou
1399 1033 1548 1112 pertinet.

173 1127 229 1182 tus
251 1121 312 1182 boo
332 1117 425 1190 tecit,
451 1116 503 1180 vel
524 1115 601 1194 quia
626 1111 700 1181 licdt
723 1109 865 1203 nendum
889 1114 974 1198 essct
1065 1107 1094 1169 3.
1118 1109 1495 1204 Preteremlustitiamn
1511 1109 1614 1174 solunt
1628 1113 1716 1176 estin
1727 1113 1816 1204 prin-

173 1216 323 1260 summus
349 1195 510 1274 sacerdos,
530 1195 599 1258 erat
613 1197 719 1257 tamen
738 1191 823 1254 filius
838 1189 971 1266 sumini,
1026 1187 1107 1268 cipe,
1124 1189 1177 1250 sed
1189 1191 1283 1254 etium
1297 1207 1329 1250 rn
1341 1191 1487 1266 subditis,
1503 1197 1539 1254 ut
1553 1209 1651 1272 supra
1670 1193 1816 1260 habiturn
1896 1215 1899 1220 ·

174 1279 366 1350 sacerdotis,
382 1280 414 1336 et
431 1273 469 1338 ad
486 1292 562 1338 eum
579 1271 640 1338 hoe
654 1269 811 1355 judicium
829 1271 974 1410 tertine-
1026 1271 1085 1342 est,
1104 1275 1216 1362 quaest,
1231 1267 1281 1344 ba,
1298 1274 1358 1339 art.
1370 1269 1400 1330 d.
1413 1271 1471 1332 Sed
1485 1271 1676 1337 distribuere
1688 1290 1815 1352 semper

174 1357 245 1428 bat,
258 1358 340 1420 sieut
354 1360 385 1418 et
402 1353 442 1421 ad
457 1353 537 1418 alios
548 1351 683 1434 iudices,
697 1349 814 1430 quibus
852 1350 973 1417 ecerat
1025 1347 1064 1410 ad
1080 1347 1256 1426 principem
1272 1349 1419 1430 pertinet.
1434 1351 1518 1432 llrge
1533 1351 1736 1416 distributiva
1750 1368 1816 1416 nou

173 1442 385 1514 praeceptum.
1025 1427 1162 1506 pertinet
1177 1445 1303 1507 semper
1315 1429 1355 1490 ad
1367 1427 1534 1508 justitium.

217 1517 264 1580 tu
277 1505 973 1590 tertiumdieeudumquddpotestassecula·
1064 1504 1095 1566 t.
1117 1507 1285 1582 Preteraa,
1301 1507 1537 1574 distributivam
1552 1509 1675 1590 junturas
1690 1518 1734 1574 cst
1757 1507 1816 1574 to-

172 1594 222 1656 ris
232 1595 380 1658 subditur
392 1589 658 1671 spirituattsicut
671 1606 726 1650 cor
750 1607 787 1650 us
800 1588 973 1660 animm,ut
1024 1603 1138 1650 eoram
1160 1587 1383 1658 communiam.
1404 1593 1440 1657 ut
1464 1589 1581 1654 dicitur
1602 1589 1635 1652 in
1657 1589 1814 1664 batuto,

174 1674 354 1753 Gregorius
368 1667 697 1736 Nazianzdicitorat.
710 1608 763 1742 13,
778 1669 808 1731 et
824 1665 893 1728 ideb
906 1684 972 1731 uon
1025 1681 1095 1743 bap.
1108 1663 1139 1738 3,
1156 1666 1240 1730 circa
1257 1665 1332 1757 .fi¹¹·‘
1353 1672 1384 1730 et
1404 1686 1476 1746 cap.
1500 1669 1529 1730 3.
1552 1667 1611 1732 sed
1633 1669 1815 1736 communia

174 1761 227 1816 est
239 1757 431 1830 usurpatum
444 1749 612 1830 judicium,
628 1747 654 1810 si
667 1746 842 1826 spiritualis
858 1745 972 1824 praela-
1024 1744 1184 1824 pertinent
1202 1746 1407 1826 adjustitiam
1423 1749 1570 1840 legalem.
1592 1747 1676 1829 Ergo
1690 1748 1815 1826 justitia

173 1835 229 1894 tus
246 1851 281 1896 se
295 1831 487 1900 intromittat
504 1829 542 1892 de
560 1827 792 1920 temporalibus
813 1819 972 1904 quantum
1023 1823 1228 1888 distributiva
1243 1843 1308 1890 uon
1325 1831 1373 1888 est
1387 1845 1509 1906 spectes
1521 1825 1653 1908 justitie
1670 1828 1815 1908 particu-

173 1911 217 1977 ad
228 1929 266 1976 ea
276 1912 309 1974 in
320 1911 439 1989 quibus
450 1907 597 1972 subditur
607 1927 636 1970 er
646 1905 800 1970 secularis
815 1909 969 1986 potestas,
1021 1901 1112 1978 luris,
1124 1903 1179 1966 sed
1191 1903 1321 1986 justitias
1337 1905 1461 1986 legalis.

173 1991 229 2056 vel
268 2007 318 2054 ua
330 1991 360 2054 ei
373 1987 393 2054 a
406 1988 544 2052 seculari
558 1990 716 2066 potestate
728 1984 968 2062 relinquuntur.
1062 1979 1092 2042 5.
1115 1983 1288 2056 Preietos,
1303 2003 1400 2048 unum
1418 1991 1449 2051 et
1463 1981 1560 2050 multu
1575 2001 1642 2048 non
1656 1983 1815 2051 diversio·

180 2065 190 2072 “
217 2009 265 2130 Aa
280 2073 433 2148 quartum
447 2067 615 2130 dicendum
626 2063 712 2146 quod
725 2063 853 2129 babitus
868 2064 971 2124 scien·
1023 2065 1098 2154 cant
1110 2062 1248 2154 speciem
1266 2063 1403 2128 virtutis.
1418 2063 1478 2130 sed
1495 2063 1615 2131 'ustitia
1630 2069 1815 2130 commuta-

173 2149 231 2212 tbu
256 2154 288 2211 et
307 2147 439 2228 justitie
462 2149 538 2210 suut
558 2143 768 2224 perfectiones
795 2141 969 2224 singularis
1022 2144 1088 2204 tiva
1110 2143 1256 2204 consistit
1280 2143 1313 2206 in
1336 2143 1398 2208 boe
1417 2141 1482 2224 qud
1528 2143 1569 2206 ali
1595 2143 1649 2211 uid
1671 2145 1816 2208 redditur

173 2245 340 2306 personaev
356 2229 388 2290 et
398 2227 469 2290 ided
479 2243 537 2318 per
549 2241 661 2288 eornm
673 2222 830 2288 delectum
843 2239 908 2283 non
923 2221 970 2282 di·
1022 2221 1091 2312 uni,
1101 2218 1225 2300 justitia
1236 2221 1312 2286 verb
1322 2221 1526 2290 distributiva
1539 2221 1571 2285 in
1608 2241 1646 2286 oc
1657 2222 1742 2302 qudd
1755 2223 1817 2288 ali·

172 2307 261 2370 citur
274 2311 466 2385 usurpatum
476 2304 644 2384 judicium,
655 2302 737 2368 sicut
747 2320 804 2380 per
814 2299 969 2364 detectum
1022 2300 1098 2378 quid
1107 2299 1201 2362 datur
1211 2301 1330 2364 multis.
1344 2301 1429 2386 Ergo
1438 2320 1504 2368 nou
1515 2305 1592 2368 sunt
1603 2303 1816 2384 diversespe-

173 2386 315 2464 publice
329 2384 549 2461 auctoritatis,
574 2402 616 2446 ex
637 2381 704 2463 qud
724 2379 881 2464 judicium
903 2379 969 2444 vim
1022 2379 1086 2440 cies
1099 2379 1242 2460 justitiae.

174 2466 355 2528 coactivam
371 2465 477 2528 habet.
1063 2457 1122 2520 Sed
1148 2464 1261 2524 contra
1289 2463 1337 2522 est
1366 2459 1452 2540 qubd
1480 2461 1713 2540 Philosophus,
1738 2459 1816 2526 iub

216 2543 326 2606 Dabis
341 2544 438 2606 etiam
452 2541 548 2616 inira,
579 2533 969 2615 uest.o·1,art.t,utett
1020 2535 1136 2610 Ettric„
1154 2555 1224 2616 cap.
1248 2537 1277 2610 2,
1296 2539 1379 2602 circa
1403 2539 1473 2614 lin,
1489 2541 1579 2620 ponit
1602 2541 1682 2604 duas
1706 2545 1815 2620 partes

172 2622 279 2695 sent,
290 2623 363 2686 dist.
376 2623 425 2696 17,
437 2560 591 2700 quest&
608 2625 670 2684 art.
683 2619 714 2694 3,
730 2619 920 2698 quaestiuuc.
931 2613 967 2694 b;
1017 2614 1160 2708 justitiae,
1171 2621 1202 2708 et
1215 2617 1289 2683 dicit
1303 2617 1389 2698 quod
1401 2639 1465 2684 unu
1478 2628 1522 2687 est
1535 2620 1730 2684 directieaiu
1744 2619 1815 2684 clis-

173 2705 209 2764 et
218 2701 291 2766 dist.
304 2700 356 2776 b8,
369 2705 482 2782 quest.
500 2701 530 2772 1,
545 2705 607 2762 art.
628 2700 656 2760 1.
1023 2693 1257 2766 testationibus,
1270 2697 1335 2760 ulia
1347 2697 1382 2760 in
1398 2699 1700 2762 commutationibus.

429 2779 611 2854 QUAESTIO
632 2777 716 2840 th.
1060 2775 1250 2856 Respondeo
1271 2776 1440 2840 dicendum
1465 2777 1570 2872 quod,
1595 2780 1679 2843 sicut
1696 2777 1814 2842 dictum

171 2859 224 2924 Ile
245 2877 401 2928 eurrnus
420 2877 630 2922 sesamin—
645 2857 708 2938 (ln
729 2861 867 2937 quotuor
887 2853 970 2917 arti·
1020 2857 1070 2918 est
1096 2860 1209 2934 quaest.
1226 2853 1277 2930 58,
1291 2857 1423 2922 art'iet
1436 2857 1467 2932 8,
1474 2858 1599 2938 justitia
1611 2858 1814 2940 particularia

458 2938 543 3002 cules
556 2934 689 3076 divise?
1020 2932 1190 2996 ordinatur
1211 2934 1251 2997 ad
1278 2935 1422 3015 aliquam
1444 2938 1603 3018 privatam
1628 2955 1813 3020 personam,

214 3019 336 3082 Deinde
349 3017 618 3084 considerandum
637 3035 670 3080 es
703 3013 899 3094 departibus
917 3013 968 3094 J'u·
1020 3029 1094 3092 quar
1103 3017 1309 3094 eomparatur
1320 3013 1360 3084 ad
1372 3019 1633 3080 communitatem
1645 3017 1727 3082 sicut
1739 3033 1813 3098 pars

172 3099 283 3172 stitia,
297 3103 329 3162 et
343 3097 447 3192 primd
462 3097 501 3160 de
515 3095 661 3174 partibus
676 3093 880 3188 subjectivis‚
896 3111 968 3173 que
1017 3093 1060 3166 ad
1083 3099 1196 3156 tetum.
1217 3095 1324 3160 Potest
1344 3103 1452 3162 autem
1466 3096 1506 3160 ad
1529 3097 1573 3160 ali
1597 3113 1672 3162 uam
1690 3102 1814 3180 partem

171 3183 255 3244 suut
270 3195 392 3256 spectes
415 3175 559 3258 iustitiae,
577 3175 698 3240 scilicet
713 3173 920 3266 distributiva
936 3177 969 3240 ut
1020 3169 1140 3250 duplex
1150 3173 1229 3238 ordo
1244 3173 1364 3266 attendi
1381 3195 1389 3236 ε
1406 3195 1491 3241 unus
1513 3116 1644 3256 quiffem
1663 3177 1762 3260 partis
1773 3175 1814 3240 ad

172 3258 420 3328 commutativa3
437 3254 577 3318 seeundo
592 3254 630 3314 de
644 3254 789 3332 partibus
805 3269 968 3332 quasiin-
1019 3257 1165 3332 partem;
1184 3253 1237 3320 cui
1256 3255 1369 3318 similis
1391 3261 1439 3318 est
1456 3253 1535 3318 ordo
1559 3257 1657 3320 unius
1681 3258 1814 3336 private

171 3336 372 3415 tegentibusv
389 3331 968 3470 tortibdepartibusffuasipetentia-
1020 3347 1167 3414 persone
1184 3332 1224 3394 ad
1237 3333 1352 3406 aliam;
1377 3338 1409 3397 ct
1431 3335 1519 3398 bunc
1540 3335 1687 3398 ordinem
1708 3333 1816 3416 dirigit

171 3413 277 3487 libus,
294 3415 416 3479 scilieet
429 3414 468 3476 de
490 3413 663 3478 virtutibus
683 3429 702 3474 a
721 3412 852 3491 junctis.
876 3410 968 3478 circa
1021 3410 1248 3476 commutativa
1255 3412 1392 3492 justitia,¹
1403 3431 1475 3494 que
1485 3413 1675 3479 consistitin
1684 3413 1732 3478 bis
1742 3431 1814 3494 quau

171 3493 316 3573 primurn
330 3494 472 3559 occurrit
484 3492 604 3570 duplex
614 3489 829 3554 consideratio
844 3509 851 3549 r
864 3490 969 3568 prima
1018 3489 1132 3554 mutuo
1149 3489 1231 3553 tlunt
1242 3489 1325 3552 inter
1342 3491 1422 3556 duas
1434 3511 1588 3572 personas
1605 3493 1644 3556 ad
1661 3493 1810 3558 invicem.

169 3573 214 3636 de
229 3573 308 3651 ipsis
327 3573 461 3653 justitie
483 3572 648 3650 partibus.;
666 3569 808 3635 secunda
828 3567 966 3632 devitiis
1020 3569 1200 3630 Aliusordo
1212 3569 1387 3634 attenditur
1402 3572 1497 3636 totius
1509 3571 1681 3656 adportes,
1695 3567 1815 3636 etbuie

170 3649 864 3732 oppositis.thuiarestitutievideturesse
876 3653 967 3712 autres
1014 3647 1126 3710 ordini
1143 3649 1341 3712 assimilatur
1361 3651 1440 3714 ordo
1457 3650 1526 3734 ejus
1550 3651 1636 3732 quad
1652 3655 1701 3716 est
1723 3667 1815 3714 com-

171 3733 410 3794 conrmutativae
421 3731 566 3811 justitiae,
580 3729 684 3805 primo
700 3727 968 3790 considerandum
1020 3745 1119 3799 mune
1135 3727 1175 3792 ad
1199 3728 1344 3810 singulas
1370 3748 1525 3809 personas
1543 3752 1550 3792 ι
1567 3748 1665 3809 quern
1683 3729 1814 3812 quidem

170 3816 224 3874 est
241 3811 282 3874 de
306 3811 512 3874 distinetione
532 3808 659 3872 ‘usaue
678 3808 916 3874 commutativae
937 3809 969 3868 et
1020 3807 1167 3876 ordinem
1179 3807 1288 3890 dirigit
1307 3807 1433 3890 iustitia
1446 3811 1661 3886 distributiva,
1679 3827 1752 3890 que
1764 3815 1813 3872 est

171 3887 403 3964 distributivam
420 3908 496 3954 secu
541 3888 612 3952 bde
627 3889 840 3952 restitutione.
1021 3885 1225 3956 distributiva
1246 3891 1466 3953 communium
1478 3885 1654 3955 secundum
1674 3907 1814 3984 propor-

142 3971 147 3978 '
213 3963 969 4060 Circaprimumqunrunturquatuor:t⁰utrdm
1020 3967 1244 4030 tionalitatem.
1261 3968 1300 4028 llt
1314 3969 1385 4031 ideo
1409 3970 1480 4036 due
1494 3974 1571 4034 suut
1584 3969 1717 4052 justitie
1733 3987 1813 4050 spe-

172 4050 239 4114 sint
254 4049 456 4128 duuspeoies
467 4047 614 4127 justitiae,
629 4047 750 4113 scilieet
761 4046 887 4126 justitia
900 4045 969 4108 dis·
1020 4047 1097 4122 cies,
1113 4048 1233 4112 scilicet
1245 4048 1447 4114 distributiva
1463 4051 1495 4114 et
1511 4050 1750 4116 commutatico.

171 4128 329 4192 tributiva
348 4131 381 4190 et
403 4127 649 4200 conmutatum
673 4126 704 4190 2⁰
729 4124 839 4188 utrum
856 4125 968 4188 eodem
1061 4125 1108 4188 dd
1131 4127 1271 4206 primum
1293 4146 1370 4208 ergo
1385 4129 1553 4194 dicendum
1575 4129 1661 4211 quod
1676 4129 1759 4193 sicut
1778 4129 1812 4192 iu

171 4207 314 4270 modern
329 4206 528 4270 eismedium
542 4205 737 4284 accipiatur3
758 4205 789 4266 3ο
803 4201 969 4298 utrbmsit
1020 4205 1246 4286 largitionibus
1260 4207 1466 4346 sprivatarum
1489 4225 1703 4302 personarum
1727 4225 1813 4270 eom·

172 4303 289 4350 aarum
314 4286 506 4362 unitorrnis,
537 4287 588 4350 vel
615 4285 786 4364 multiplex
813 4289 966 4360 maleum
1020 4285 1190 4350 mendatur
1206 4305 1258 4348 mo
1281 4288 1395 4360 statio,
1411 4285 1525 4368 ellusvo
1551 4289 1627 4352 verb
1649 4291 1810 4366 culpatur,

171 4364 204 4428 le‘
224 4364 334 4427 utrum
352 4363 529 4430 seeundum
548 4366 692 4444 aliquam
710 4381 824 4432 earum
843 4363 969 4442 specie-
1021 4365 1066 4428 ita
1080 4366 1177 4430 etiam
1192 4366 1226 4436 in
1242 4365 1466 4430 distributione
1479 4369 1699 4432 communium
1712 4369 1813 4432 bono-

171 4443 385 4587 ftumijfftum
397 4445 438 4506 sit
451 4443 535 4506 idem
548 4444 969 4586 quogtpontrapplsseplsshtn
1021 4445 1355 4586 ruptestdmvtrdebruttio
1371 4447 1547 4524 servanda3
1570 4448 1605 4510 in
1625 4465 1690 4528 quo
1704 4446 1813 4530 dirigit

203 4541 377 4684 nprmetmr
391 4541 872 4694 }ffl?,}„,·„j„,}⁴,{2‚sssspss„,
887 4621 969 4664 corn·
1018 4541 1304 4667 μῗὶιάιὲεειιιδηὲιιιῐῗ]
1316 4543 1496 4668 ¹{iacendum
1547 4605 1612 4670 uod
1636 4607 1719 4670 sicut
1738 4623 1812 4688 pars

213 4685 369 4747 mutatico
380 4693 408 4746 et
423 4681 704 4762 distendendo-t
716 4689 804 4762 pert.
816 4683 846 4754 1,
860 4690 967 4762 quest.
1022 4685 1053 4748 et
1065 4687 1167 4744 totum
1180 4683 1416 4762 quodammodo
1428 4689 1505 4748 sunt
1518 4625 1614 4762 ffiern,
1628 4687 1715 4752 itaid
1749 4687 1814 4750 uod

213 4763 264 4838 31,
282 4769 344 4825 ort.
363 4765 393 4838 1,
418 4779 522 4844 corp„-
537 4769 566 4823 st
584 4761 615 4837 3,
638 4759 712 4823 dist.
734 4761 785 4836 33,
809 4768 915 4842 quest.
936 4761 967 4838 3,
1022 4767 1070 4826 est
1084 4761 1181 4826 totius
1196 4761 1432 4842 quodammodb
1447 4768 1496 4828 est
1506 4767 1626 4859 partiar
1640 4766 1729 4832 etita
1741 4763 1814 4831 cum

215 4850 277 4904 erc.
290 4838 321 4918 l,
333 4851 441 4924 wat.
454 4839 491 4919 a;
505 4849 533 4905 et
544 4839 576 4918 le,
594 4840 670 4905 dist.
681 4838 732 4918 bb,
742 4847 850 4922 quest.
865 4841 894 4918 1,
904 4847 967 4902 art.
1021 4861 1061 4904 ex
1074 4840 1166 4906 bonis
1176 4843 1400 4908 communibus
1413 4845 1537 4926 aliquid
1546 4845 1580 4910 in
1595 4847 1740 4938 singulos
1751 4847 1815 4910 dis·

214 4921 244 4996 8,
299 4927 365 4984 est.
380 4922 430 5006 1.)
1021 4922 1184 4998 tribuitur,
1217 4922 1353 5004 quilibet
1365 4923 1477 5004 aliquo
1490 4926 1584 4990 modo
1598 4927 1711 5008 recipit
1726 4925 1813 5006 qnod

214 5003 240 5064 Α
278 4999 968 5084 primnmsieproceditur.1.l'ideturqubd
1020 5007 1189 5066 suumest.

170 5083 441 5148 inconvenienter
459 5086 623 5163 ponantur
636 5081 708 5145 duae
728 5081 850 5162 species
870 5079 970 5162 justi·
1060 5081 1109 5144 Ad
1124 5082 1253 5146 tertium
1267 5081 1437 5148 dicendum
1455 5085 1542 5166 quod
1554 5090 1645 5154 actus
1663 5083 1834 5148 distribu-'

171 5163 240 5258 Q
249 5162 375 5244 justitia
389 5163 594 5227 distributiva
604 5161 883 5226 etcommutativa.
898 5162 966 5223 Non
1021 5161 1130 5236 tionis,
1146 5163 1203 5242 qui
1216 5166 1266 5226 est
1285 5164 1506 5231 communium
1526 5167 1698 5240 bonorum,
1713 5165 1816 5244 perti-

172 5257 262 5304 emm
276 5247 467 5322 potestesse
484 5243 617 5324 justitie
634 5243 756 5322 species
772 5239 858 5320 quod
882 5241 969 5303 mul·
1021 5244 1076 5304 net
1088 5237 1194 5306 sollum
1209 5243 1249 5308 ad
1269 5245 1490 5326 presidentem
1508 5247 1733 5312 communibus
1750 5245 1816 5306 bo-

172 5320 305 5384 titndini
327 5329 432 5398 nocet,
451 5321 525 5387 crlm
545 5321 665 5385 ‘ustitia
681 5321 722 5384 ad
734 5324 856 5384 bonum
874 5337 969 5383 com-
1021 5321 1084 5396 nis,
1101 5322 1154 5385 sed
1168 5326 1276 5386 tamen
1290 5323 1415 5405 justitia
1430 5325 1634 5390 distributiva
1656 5330 1705 5388 est
1718 5323 1815 5386 etiam

174 5417 275 5464 mune
290 5403 467 5466 ordinetur.
487 5343 553 5466 sel
564 5403 755 5465 distribuere
774 5402 860 5465 bona
877 5417 970 5462 cone·
1021 5401 1055 5464 in
1070 5403 1205 5468 subditis
1227 5403 1346 5484 quibus
1363 5405 1586 5482 distribuitur;
1605 5407 1815 5484 inquantum

174 5482 289 5546 munia
320 5483 355 5544 in
385 5485 528 5560 multos,
561 5487 657 5545 nocet
686 5484 773 5544 bono
805 5481 968 5543 communi
1022 5480 1143 5546 scilicet
1171 5487 1248 5546 sunt
1274 5485 1415 5548 contenti
1441 5484 1530 5579 justa
1564 5483 1789 5548 distributione
1803 5503 1813 5558 a

174 5561 411 5636 multitudinis,
435 5567 504 5624 tum
527 5562 605 5641 quia
630 5561 870 5624 exhauriuntur
890 5577 967 5640 opes
1022 5563 1169 5642 quamvis
1181 5565 1278 5628 etiam
1289 5563 1472 5628 distributio
1486 5563 1681 5660 quandoque
1691 5565 1816 5628 tietbo-

175 5655 380 5716 communes,
395 5645 463 5704 tum
477 5643 574 5704 etiam
588 5642 665 5720 quia
679 5658 784 5702 mores
800 5641 969 5702 bominum
1022 5659 1139 5704 norum
1152 5645 1382 5718 communium,
1397 5661 1462 5706 non
1473 5645 1602 5723 quidem
1613 5645 1745 5720 civitati,
1760 5641 1815 5708 setl

175 5725 445 5799 corrumpunturv
457 5721 532 5783 dicit
545 5722 631 5783 enim
643 5722 767 5782 Tullius
778 5721 812 5780 in
824 5719 880 5781 lib.
896 5719 969 5782 ade
1021 5722 1078 5783 uni
1095 5721 1239 5800 furnilium
1256 5741 1395 5802 quorum
1416 5723 1598 5786 distributio
1616 5725 1685 5788 lieri
1710 5728 1816 5806 potest

175 5791 283 5875 ome,
293 5801 328 5862 in
344 5803 392 5863 tit.
407 5801 535 5898 Duplex
549 5799 747 5864 liberalitatis
762 5816 867 5878 penus,
884 5803 966 5863 eto:
1022 5804 1213 5866 anctoritate
1225 5803 1363 5865 alieu'us
1378 5801 1512 5881 private
1565 5821 1682 5870 rsone.

177 5876 462 5964 accusatorque
482 5880 618 5966 accipit,
642 5887 671 5944 et
690 5879 731 5944 ed
753 5879 834 5946 idon
850 5895 969 5963 semper
1062 5881 1110 5945 Ad
1124 5886 1278 5963 piantem
1291 5823 1463 5949 aleonum
1477 5821 1564 5967 unffi
1581 5891 1689 5956 motus
1701 5885 1818 5968 teetpit
