4120 6338
246 287 296 348 aar
636 263 639 280 '
690 285 821 348 susus
838 285 1066 350 meeueoisu
1080 283 1237 347 sacuam
1256 287 1434 348 suumne.
1545 234 1548 242 ¹
1832 297 1886 356 m

246 410 301 468 tui·
323 402 439 486 dignus
467 401 683 468 ecdesiastioo
706 402 875 478 beneflcio,
901 402 984 466 sicut
1007 406 1040 464 et
1092 403 1306 482 episcopalem
1341 405 1543 484 potestatem,
1565 408 1593 474 si
1616 427 1689 476 eam
1708 409 1885 480 simoniaci

245 484 543 567 propteralialiona
556 499 665 562 opera,
677 481 762 545 unde
773 500 838 544 non
850 483 1039 562 intelligitur
1061 487 1063 492 '
1093 483 1275 560 acquisivit

248 583 320 628 esse
342 581 455 626 munos
477 561 514 626 eb
536 561 702 642 obsequie:
717 561 796 624 etin
810 563 872 624 lieo
886 578 964 626 casu
983 561 1039 624 lo-
1128 561 1160 622 ³.
1182 565 1350 638 Praeterea,
1377 565 1486 628 nullus
1514 565 1607 630 dehet
1629 568 1738 648 puniri
1762 587 1822 651 piu
1846 592 1885 638 eo

248 645 360 726 quitur
373 640 557 722 Gregorius.
576 641 606 704 Si
618 641 695 704 sero
709 642 750 704 sit
762 642 968 703 inhonestum
982 643 1039 704 ob·
1091 643 1177 721 quod
1193 660 1259 705 nen
1287 649 1334 704 ost
1358 641 1476 707 sactum
1491 663 1529 708 eo
1544 648 1665 712 sciente
1690 654 1722 714 et
1743 651 1883 730 volente,

247 724 409 818 sequium,
437 723 487 784 rel
514 721 554 784 ad
576 721 720 784 carnalia
744 720 926 784 ordinatum
940 718 1039 800 (puta
1091 721 1169 799 quia
1187 739 1280 800 piena
1295 722 1428 786 debetur
1442 731 1573 802 peccato
1596 727 1682 806 qued
1699 733 1749 792 est
1772 733 1885 794 volun·

247 821 326 884 quia
338 799 605 880 servivitpraelato
615 799 830 863 adutilitatem
841 799 1039 940 censemini·
1092 799 1223 880 tarium,
1238 806 1274 862 ut
1287 819 1327 862 cii
1341 819 1439 882 supra
1457 799 1548 865 dictis
1563 810 1662 884 patet,
1677 807 1745 883 1-2,
1769 816 1883 888 quast.

249 899 383 946 neerum
409 898 554 954 suorum,
573 879 624 943 sel
647 879 833 958 patrimonii
855 877 917 953 sui,
933 898 972 942 ve
998 879 1038 943 ad
1089 875 1141 952 it,
1157 885 1218 942 art.
1239 882 1254 941 1
1277 886 1308 943 et
1327 881 1357 940 2.
1384 877 1549 962 Contingit
1562 889 1670 946 autera
1687 889 1883 968 quandoque

248 961 370 1042 aliquid
385 958 595 1042 hujusmodi),
614 961 675 1023 erit
688 976 806 1021 munus
817 961 858 1022 ab
867 960 1037 1040 obsequi03
1090 956 1176 1037 qudd
1194 959 1312 1039 aliquis
1335 960 1510 1024 simoniace
1525 965 1736 1042 consequitur
1761 967 1884 1047 aliquid

175 1057 195 1115 j
245 1046 339 1104 otest
352 1040 576 1104 simoniacum.
1091 1039 1259 1116 spirituale
1288 1041 1535 1122 procurantibus
1557 1041 1629 1104 aliis
1658 1062 1697 1106 oo
1724 1045 1885 1110 nesciente

234 1171 238 1176 .
285 1121 333 1182 Ad
348 1119 525 1183 secundum
539 1118 709 1181 dicendum
718 1117 805 1198 qudd
817 1117 844 1180 sl
853 1117 971 1196 aliquis
980 1117 1038 1180 ali·
1091 1124 1123 1180 et
1135 1119 1275 1182 nolente.
1291 1121 1376 1198 Ergo
1391 1137 1456 1182 non
1469 1117 1561 1184 debet
1578 1122 1688 1201 puniri
1706 1143 1764 1204 per
1778 1125 1885 1205 priva·

245 1200 320 1279 quid
334 1198 502 1278 spirituale
517 1198 614 1262 alicui
631 1197 776 1262 censerat
797 1199 896 1278 gratis
908 1202 1039 1276 propter
1090 1196 1211 1259 tionem
1224 1195 1294 1277 ejus
1310 1199 1395 1278 qued
1410 1200 1438 1259 ei
1453 1199 1605 1263 collatum
1618 1207 1678 1265 est.

245 1278 867 1358 consanguinitatem,velquemcumque
875 1277 1038 1340 carnalem
1131 1273 1161 1336 l.
1178 1277 1346 1350 Praeterea,
1373 1277 1491 1340 nullus
1504 1279 1596 1342 debet
1610 1299 1645 1342 re
1668 1285 1776 1346 ortare
1791 1302 1895 1348 coiri-¹

244 1358 459 1432 allectionem,
483 1361 533 1420 ost
559 1356 689 1436 quidem
714 1356 825 1420 illicita
848 1360 880 1419 et
897 1356 1037 1420 carnalis
1091 1355 1222 1418 modum
1236 1357 1274 1418 do
1289 1376 1349 1420 suo
1362 1362 1503 1436 peccato.
1519 1357 1578 1421 Sed
1592 1357 1621 1422 si
1634 1301 1687 1424 iiie
1702 1362 1758 1440 qui
1772 1376 1885 1428 conse·

244 1439 386 1512 collatio,
402 1439 589 1499 nontamen
604 1435 792 1508 simoniaca,
811 1434 889 1514 quia
901 1436 980 1496 nihil
993 1438 1038 1498 ibi
1091 1439 1184 1497 cutus
1195 1439 1243 1498 est
1258 1434 1447 1499 beneficium
1458 1438 1709 1502 ecclesiasticum
1718 1459 1776 1521 per
1788 1439 1885 1506 sime-

244 1518 401 1597 acoipitur
420 1515 530 1577 :undo
543 1515 605 1578 lioc
618 1533 683 1577 nou
700 1515 838 1594 pertinet
851 1514 891 1578 ad
903 1518 1039 1580 eontra-
1091 1514 1192 1590 niam,
1207 1518 1392 1578 restitueret
1403 1517 1489 1597 quod
1511 1519 1666 1598 percepit,
1687 1521 1885 1602 quandoque

244 1603 330 1659 unni
346 1594 515 1676 emptionis
529 1598 561 1658 et
573 1595 777 1666 venditionis,
793 1595 827 1657 in
842 1611 908 1672 qno
924 1595 1039 1659 lunda·
1090 1589 1153 1656 hoc
1167 1595 1362 1658 redundaret
1377 1597 1410 1657 in
1430 1595 1602 1659 utilitatem
1613 1615 1727 1662 eorum
1745 1601 1802 1679 qui
1817 1601 1886 1666 lue-

246 1681 298 1738 tur
312 1675 462 1738 simonia.
477 1675 508 1736 Si
528 1678 636 1738 tamen
648 1673 766 1754 aliquis
781 1673 833 1735 det
847 1673 1039 1736 beneficium
1091 1677 1168 1734 runt
1180 1673 1524 1754 simoniqoparticipem
1538 1675 1617 1770 puta
1628 1677 1759 1756 quando
1771 1681 1886 1760 praela·

245 1755 497 1818 ecclesiasticum
514 1753 1036 1832 alicuihocpactovelintontioue‚
1089 1756 1143 1814 tus
1155 1753 1883 1834 ettotumcollegiuminsimoniamconsonsit.

244 1839 281 1897 ut
297 1835 413 1896 exinde
432 1835 500 1898 suis
520 1833 770 1914 consanguineis
789 1833 968 1912 presideat,
990 1836 1039 1896 est
1090 1825 1176 1913 Ergo
1192 1849 1257 1893 non
1273 1850 1400 1913 semper
1415 1835 1462 1896 ost
1476 1834 1710 1900 restituendum
1724 1837 1811 1917 quod
1827 1858 1887 1918 per

244 1913 417 1978 manifesta
431 1913 580 1976 simonia.
1093 1912 1266 1974 simoniam
1282 1914 1472 1992 acquiritur.

285 1993 333 2060 Ad
347 1990 752 2070 tertiumdicendumqudd
765 1989 912 2054 menard
927 1990 975 2054 tin
997 1992 1039 2054 ed
1131 1987 1161 2051 Β.
1179 1989 1349 2066 Praeterea,
1368 1992 1564 2073 quandoque
1580 1993 1697 2074 aliquis
1711 1995 1887 2076 parsimo-

244 2073 360 2135 dicitur
373 2073 423 2136 vel
433 2075 503 2152 ipsa
513 2073 585 2134 laus
597 2075 763 2150 pertinens
773 2072 813 2134 ad
823 2069 968 2134 savorem
976 2007 1039 2132 iu·
1091 2065 1180 2131 niam
1195 2069 1228 2130 in
1244 2069 1355 2151 aliquo
1372 2071 1570 2134 monasterio
1590 2073 1757 2154 recipitur,
1781 2078 1812 2138 et
1826 2095 1888 2140 vo-

243 2169 388 2228 manum‚
403 2153 460 2231 qui
473 2155 532 2216 suh
547 2152 651 2232 pretio
664 2151 759 2224 cadit,
778 2152 827 2214 vel
844 2151 942 2212 etiam
957 2168 1038 2229 pro-
1091 2151 1160 2210 tum
1171 2149 1314 2211 solemne
1333 2149 1378 2213 ibi
1400 2150 1475 2214 iacit
1493 2151 1683 2229 profitendo.
1699 2153 1760 2218 Sed
1775 2155 1886 2220 nullus

244 2250 309 2306 ces,
321 2250 363 2294 ex
376 2233 494 2311 quibus
509 2231 690 2310 acquiritur
701 2231 792 2294 lavor
801 2231 974 2304 humanus,
987 2231 1038 2292 vel
1093 2226 1187 2290 debet
1213 2227 1336 2291 absolvi
1370 2229 1410 2293 ab
1445 2229 1642 2310 obligatione
1665 2233 1732 2296 soti
1755 2241 1889 2316 proptor

244 2311 443 2374 contrarium
459 2312 609 2374 evitatur.
625 2311 663 2371 Et
679 2309 751 2373 idad
773 2311 800 2372 si
812 2310 930 2388 aliquis
945 2311 1040 2388 prin·
1092 2303 1144 2370 cul
1169 2324 1222 2371 am
1241 2308 1457 2372 commissam.
1484 2311 1570 2390 Ergo
1597 2329 1662 2374 non
1691 2312 1785 2375 debet
1809 2331 1889 2377 mo-

244 2390 390 2468 cipaliter
400 2390 441 2454 ad
452 2392 512 2454 hoc
522 2388 1035 2465 intendit,simoniamcommittit.
1091 2325 1227 2462 naciius,
1239 2385 1325 2467 qnod
1338 2387 1707 2469 simoniaoeacquisivit‚
1725 2393 1885 2458 amittere.

243 2469 377 2532 Videtur
390 2474 498 2534 autem
513 2470 553 2534 ad
565 2471 627 2532 lioc
638 2469 859 2551 principaliter
872 2469 1037 2534 intendere
1131 2465 1162 2526 6.
1184 2467 1361 2544 Praeterea,
1377 2467 1520 2531 exterior
1532 2487 1627 2549 poena
1643 2470 1677 2532 iii
1694 2471 1754 2534 lios
1766 2471 1887 2535 mundo

243 2551 300 2628 qui
322 2567 432 2628 preces
454 2568 513 2630 pro
537 2550 668 2631 indigno
693 2553 858 2630 porrectas
878 2548 1036 2612 exaudit:
1091 2561 1158 2608 non
1182 2543 1338 2626 infligitur
1352 2563 1411 2626 pre
1433 2544 1578 2610 interiori
1606 2551 1810 2614 motncerdis
1824 2595 1832 2626 ,
1848 2547 1889 2614 de

243 2629 328 2691 unde
342 2629 447 2708 ipsum
459 2631 576 2694 factum
588 2633 637 2692 est
649 2630 873 2692 simoniacum.
886 2628 1037 2691 Stantem
1091 2642 1157 2704 quo
1186 2625 1286 2688 solius
1316 2621 1375 2688 Dei
1404 2629 1452 2688 est
1478 2625 1635 2707 judicare.
1660 2629 1719 2692 Sed
1745 2629 1888 2695 simonia

243 2726 355 2788 preces
370 2727 430 2787 pro
444 2710 541 2790 digno
556 2710 776 2790 porrigantur,
798 2708 904 2787 ipsum
918 2707 1037 2770 iactum
1092 2705 1303 2768 committitur
1325 2724 1368 2768 ex
1393 2701 1464 2769 sola
1494 2706 1674 2773 intentione
1697 2709 1749 2772 vel
1772 2710 1890 2772 volun·

244 2806 312 2849 non
341 2793 390 2850 ost
425 2789 649 2864 simoniacum,
674 2789 752 2867 quia
789 2789 899 2849 subest
932 2786 1038 2850 debita
1090 2785 1179 2847 tate:
1198 2784 1282 2846 unde
1301 2787 1333 2847 et
1356 2802 1414 2864 per
1436 2782 1636 2850 voluntatem
1660 2785 1829 2864 delinitur,
1849 2793 1888 2853 ut

207 2899 211 2904 ·
242 2884 355 2940 causa,
371 2885 414 2928 ex
430 2867 496 2946 qua
512 2870 559 2930 illi
576 2886 635 2948 pro
649 2885 716 2946 quo
730 2885 840 2946 preces
862 2865 1038 2945 porrigun-
1091 2860 1210 2926 dictum
1223 2867 1343 2928 estart.
1359 2865 1375 2926 1
1390 2861 1459 2958 huj.
1480 2869 1595 2946 quaest.
1610 2863 1696 2947 Ergo
1713 2884 1780 2930 non
1793 2867 1888 2932 debet

243 2950 308 3020 tur,
324 2945 492 3024 spirituale
506 2948 628 3026 aliquid
639 2946 834 3010 conseratur.
849 2947 970 3007 'samen
981 2963 1039 3023 po·
1092 2960 1220 3020 semper
1242 2942 1361 3024 aliquis
1390 2941 1513 3024 privari
1537 2963 1576 3008 eo
1604 2943 1692 3026 quod
1713 2946 1890 3011 simoniace

244 3029 307 3087 test
318 3043 389 3088 esse
404 3028 541 3089 simonia
557 3029 589 3088 in
605 3026 794 3100 intentione,
810 3025 838 3087 si
852 3041 918 3086 non
931 3028 1039 3087 atten-
1091 3021 1278 3162 acquisivit.

243 3103 340 3166 datur·
351 3105 391 3168 ad
405 3107 591 3186 dignitatem
606 3123 764 3187 persone,
777 3104 833 3167 sed
845 3103 1038 3167 adseverem
1154 3099 1457 3244 .Praeterea5multd
1467 3103 1574 3166 minus
1587 3101 1630 3186 (1)
1645 3106 1888 3185 estpromovori

246 3183 436 3248 humanum.
461 3185 493 3247 Si
518 3185 595 3248 vero
610 3185 729 3264 aliquis
744 3202 804 3264 pro
825 3203 860 3246 se
881 3188 985 3264 rogat,
1001 3188 1039 3246 nt
1091 3179 1131 3246 ad
1146 3179 1269 3261 majora
1282 3199 1331 3274 qu
1350 3180 1425 3243 min
1438 3185 1595 3262 susceptis
1612 3202 1814 3263 permanere.
1828 3185 1889 3248 Sed

245 3265 386 3327 obtineat
411 3283 522 3327 curam
536 3265 728 3339 animarum,
743 3282 786 3327 ex
801 3261 871 3344 ipsi
884 3281 1039 3342 praesum·
1091 3259 1288 3340 quandoque
1306 3259 1473 3324 simoniaci
1488 3280 1530 3324 ex
1544 3261 1783 3342 dispensatione
1808 3281 1890 3342 pro-

134 3335 139 3352 '
244 3344 354 3422 ptiene
368 3345 511 3407 redditur
535 3345 740 3424 indignus,et
763 3343 810 3407 sic
828 3362 940 3422 preces
961 3347 1038 3405 sunt
1091 3344 1262 3404 moventur
1282 3339 1322 3403 ad
1340 3341 1477 3435 majora.
1498 3342 1585 3423 Ergo
1602 3359 1668 3405 nen
1689 3361 1816 3422 semper
1834 3341 1889 3408 de-

243 3441 303 3501 pro
317 3423 461 3504 indigno.
488 3423 586 3487 Licite
606 3432 715 3488 tamen
739 3426 845 3503 potest
860 3422 992 3502 aliquis,
1009 3423 1037 3485 si
1091 3420 1169 3482 irent
1183 3420 1340 3498 susceptis
1356 3421 1489 3498 privari.

244 3501 285 3564 sit
299 3503 456 3585 indigens,
470 3521 529 3584 pro
542 3523 578 3567 so
587 3502 1037 3566 beneficiumecolesiasticum
1130 3499 1189 3562 Sed
1198 3499 1455 3577 contraestquod
1465 3497 1583 3562 dicitur
1593 3502 1623 3574 1,
1632 3501 1746 3581 quaest.
1758 3499 1788 3578 i,
1800 3519 1885 3582 cap,

243 3585 352 3660 petere
365 3582 434 3646 siue
452 3583 530 3647 cura
544 3583 736 3646 animarum.
1090 3577 1128 3642 Si
1148 3577 1218 3661 quis
1235 3577 1420 3659 Episcopus
1439 3577 1498 3660 (eii
1518 3579 1654 3642 concilio
1673 3579 1797 3655 Chalc,
1816 3599 1887 3662 cap.

289 3660 337 3722 Ad
370 3669 524 3740 quartum
550 3663 720 3724 dicendum
753 3659 840 3740 quod
868 3662 890 3721 li
914 3661 1038 3740 pocrita
1090 3655 1142 3740 ῆι
1161 3657 1253 3732 «Qui
1271 3657 1437 3720 ordinatus
1453 3660 1502 3722 est
1525 3657 1717 3734 simoniace,
1747 3655 1890 3725 nihileis

244 3757 311 3802 nori
325 3735 379 3805 dat
401 3743 524 3822 aliquid
544 3741 713 3820 spirituale
732 3746 865 3819 proptor
888 3681 1036 3816 iiiudern,
1092 3737 1324 3831 «ordinatione
1333 3735 1382 3800 vel
1414 3735 1609 3812 remotione,
1618 3741 1745 3818 quaeest
1754 3757 1814 3822 per
1826 3758 1891 3803 ne-

245 3819 300 3880 sed
324 3817 430 3881 soliim
454 3822 651 3884 demonstrat
670 3824 702 3883 et
725 3818 907 3884 simulando
933 3837 985 3882 iria
1009 3821 1036 3884 is
1092 3839 1107 3876 e
1140 3757 1434 3892 otiationemiacia,
1472 3813 1679 3892 rolioiat3sed
1694 3819 1736 3881 sit
1759 3819 1887 3882 alienus

244 3897 362 3961 inruet
395 3901 530 3980 surripit
564 3899 693 3962 laudem
729 3899 905 3992 humanam
938 3839 1038 3979 quim
1092 3835 1139 3978 ‘ti
1162 3897 1316 3991 dignitato
1330 3894 1380 3959 iel
1401 3837 1615 3961 solitutudine
1629 3915 1729 3977 quani
1741 3896 1887 3979 pecuniis

244 3980 340 4038 emat.
356 3978 446 4042 Unde
463 3997 529 4042 non
546 3977 673 4044 ridetur
686 3982 849 4058 pertinere
864 3977 906 4042 ad
923 3979 1037 4044 vitium
1092 3979 1333 4054 sasquisiiit.»

244 4054 401 4122 simoniae.
1105 4053 1320 4149 'ilespeiideo
1343 4053 1513 4148 dicendum
1537 4047 1623 4135 qndd
1647 4049 1757 4118 nullus
1780 4057 1887 4137 petest

244 4185 425 4249 uncum
441 4199 532 4246 a...
548 4177 661 4246 Utile
677 4179 720 4244 a
735 4179 921 4244 coivere
936 4181 1039 4244 ,ia-
1090 4132 1601 4296 lllltlattttltatlt'ltt
1615 4137 1888 4295 liillss‘iilliii

283 4265 468 4344 ”imma
478 4259 708 4341 ”iprivmrw
719 4259 866 4342 wdper
876 4259 1038 4324 ³im⁰ni⁰m
1090 4291 1240 4356 derebus
1255 4293 1376 4356 domini
1392 4293 1444 4356 sui
1466 4295 1557 4358 daret
1579 4233 1675 4357 aiicui
1693 4298 1807 4360 contra
1823 4311 1883 4358 vo-

284 4343 461 4440 ⁰⁶quii⁶v5⁸·
478 4375 517 4388 ““
531 4339 574 4424 (⁶⁹
591 4339 664 4404 dm·
680 4339 732 4417 25’
746 4344 853 4423 quw·
878 4339 909 4418 33
934 4341 1035 4417 &³¹3⁹
1089 4372 1250 4436 luntatem
1274 4377 1305 4436 et
1331 4372 1567 4437 ordinationem
1594 4373 1717 4436 domini
1740 4375 1813 4450 sui,
1833 4374 1887 4436 ille

282 4432 464 4507 mmm·
478 4421 508 4498 ¹⁹
525 4419 566 4484 “d
582 4418 626 4502 1¹)
834 4462 836 4470 '
1091 4453 1148 4532 qui
1164 4452 1335 4532 acciperet,
1349 4453 1436 4517 licite
1448 4453 1589 4517 retinere
1605 4471 1672 4516 nen
1688 4456 1809 4535 posset.
1823 4454 1887 4517 Do·

283 4547 332 4611 Ad
346 4549 475 4610 sextum
489 4545 536 4607 sio
549 4544 745 4625 proceditur.
764 4545 793 4606 l.
807 4542 1037 4624 Videturqndd
1091 4531 1199 4594 minus
1209 4535 1329 4608 autem,
1338 4533 1430 4614 cujus
1443 4533 1662 4598 Ecclesiarum
1675 4531 1799 4612 prolati
1811 4535 1888 4596 sunt

243 4644 311 4692 non
326 4629 368 4690 sit
382 4625 579 4690 conveniens
591 4620 761 4688 simoniaci
775 4639 870 4704 poena
884 4629 920 4686 ut
933 4625 1038 4704 prive-
1091 4609 1329 4706 dispffflfflfflfssss
1344 4615 1376 4676 θῖ
1392 4613 1542 4690 ministri,
1556 4611 1718 4708 θῐᾶῑῐὶᾶἵῖί
1732 4617 1769 4676 1¹t
1783 4632 1797 4674 S
1822 4608 1887 4674 iri·
1934 4648 1938 4659 ·

244 4713 299 4772 tui·
313 4703 724 4786 eoquodpersimoniama
766 4705 886 4766 uisiiit.
895 4703 1038 4766 simonia
1091 4687 1758 4786 inihigrili¹⁵d³f01¹turiyecund21mlllud
1806 4691 1873 4756 alth

244 4785 331 4852 onim
345 4784 741 4863 committiturexeoqud
774 4783 1038 4864 alicujusmnne-
1095 4771 1145 4845 10,
1162 4772 1204 4866 8¹²
1221 4768 1517 4866 Gratisecceptsie,
1532 4772 1726 4852 pretisdete.
1746 4849 1783 4867 ..
1857 4851 1864 4867 1

242 4866 289 4930 ris
315 4865 499 4930 interventu
522 4862 707 4958 spiritualia
728 4863 955 4942 acquiruntur.
978 4861 1039 4924 Sed
1130 4853 1170 4914 Et
1183 4849 1254 4914 tiled
1272 4869 1330 4930 qul
1344 4866 1487 4944 munaus
1507 4854 1692 4948 interventu
1705 4851 1888 4946 spiritualia

243 4945 392 5028 quodam
408 4947 485 5008 sunt
501 4943 695 5024 spiritualia,
712 4959 785 5023 quo
802 4943 901 5006 semel
923 4941 1039 5020 adepta
1092 4947 1307 5010 quecumque
1332 4935 1541 5010 assequitur,
1566 4950 1607 4998 ea
1633 4931 1720 5026 licite
1735 4935 1888 5026 ‘retinere

244 5044 311 5090 non
326 5027 465 5106 possunt
478 5023 593 5099 amitti,
608 5023 691 5087 sient
706 5040 818 5085 onmes
834 5021 1049 5085 characteres·
1092 5028 1159 5073 uon
1188 5013 1304 5090 potest·
1328 5009 1467 5090 Insuper
1493 5013 1603 5074 autem
1628 5028 1795 5075 simoniaci
1823 5015 1889 5075 tani

244 5107 302 5186 qui
315 5118 374 5186 per
388 5103 531 5186 aliquam
547 5103 824 5168 consecrationem
839 5100 1038 5180 imprimun.
1092 5091 1266 5183 rendentes
1281 5085 1392 5182 'quim
1421 5093 1564 5184 ementes
1597 5091 1798 5172 spiritualia,
1832 5093 1890 5153 aut

242 5190 309 5250 tur.
323 5185 409 5269 Ergo
424 5201 490 5248 non
504 5186 553 5248 est
573 5183 770 5247 conveniens
782 5197 889 5262 poena,
905 5185 942 5244 ut
963 5181 1037 5262 quis
1092 5167 1399 5262 etiamtmediatores
1412 5168 1485 5233 aliis
1500 5169 1602 5265 pinnis
1616 5172 1810 5253 puniuntur,
1822 5169 1890 5234 sci-

243 5267 391 5346 prirelnr
404 5282 443 5329 eo
453 5265 540 5344 qnod
552 5260 731 5326 simoniace
744 5261 927 5341 acquisivit.
1094 5249 1170 5313 licet
1195 5245 1329 5312 infamia
1352 5252 1384 5312 et
1400 5249 1600 5330 depositione
1614 5297 1623 5328 ,
1637 5251 1665 5313 si
1687 5251 1752 5314 siut
1767 5249 1887 5324 clerici,

282 5345 314 5410 2.
329 5347 496 5416 Proterca,
509 5343 667 5424 contingit
681 5342 876 5422 quandoque
886 5341 973 5422 qnod
985 5341 1038 5404 5110
1093 5331 1125 5394 et
1147 5326 1496 5408 excommunicatione,
1510 5331 1537 5392 si
1552 5329 1618 5394 sint
1629 5331 1721 5406 laici,
1738 5333 1776 5393 nt
1789 5331 1889 5395 habe·

244 5427 301 5506 qui
317 5430 366 5488 est
387 5427 608 5505 episcopatum
623 5441 681 5502 per
697 5423 868 5485 simoniam
890 5422 1036 5501 adoptas,
1092 5412 1158 5485 ¹1¹¹,
1174 5411 1288 5502 qutqsi·
1306 5411 1336 5483 1,
1350 5427 1421 5489 Gap·
1439 5411 1467 5473 εἰ
1482 5410 1552 5505 qvis
1567 5409 1763 5506 Episcopus

243 5506 410 5587 precipiat
429 5505 603 5567 subditout
627 5504 668 5565 ab
685 5521 724 5566 eo
742 5502 1037 5582 recipiatordinos;
1130 5489 1178 5553 Ad
1201 5507 1439 5584 prlfflumergo
1459 5489 1628 5554 dicendum
1643 5491 1736 5585 qudd
1755 5487 1809 5553 ilie
1827 5489 1887 5584 qul

244 5587 414 5649 stridetnr
455 5584 517 5646 uod
532 5585 561 5648 ei
585 5583 700 5646 debeat
724 5581 865 5658 obedire,
884 5579 1039 5662 quamdiu
1091 5565 1268 5665 ὓῑῐᾨθῐῑῑᾶὓὲ
1293 5571 1408 5649 sectili
1429 5587 1558 5634 sacrum
1581 5569 1749 5646 Ordlssemi
1774 5572 1891 5650 “³⁰¹9ss

245 5667 287 5728 ab
306 5603 451 5728 Ecclesii
471 5665 639 5728 toleratur.
656 5664 715 5728 Sed
731 5664 840 5726 nullus
858 5663 952 5725 dehet
975 5663 1040 5726 ali·
1091 5649 1221 5746 sutilem
1247 5649 1466 5745 characterem
1485 5651 1606 5714 ordinis
1629 5657 1761 5746 propter
1783 5649 1891 5745 allisa·

176 5770 178 5776 .
247 5746 325 5823 qnid
342 5745 487 5825 recipere
503 5747 545 5807 ab
563 5745 671 5824 coqui
699 5761 764 5806 non
782 5743 878 5807 habet
892 5746 1040 5822 potesta·
1091 5749 1174 5795 elam
1188 5733 1399 5806 sacramente
1413 5748 1478 5794 non
1491 5733 1598 5796 umen
1607 5734 1722 5811 recipit
1731 5735 1890 5814 gratiam,

245 5827 312 5888 len
329 5823 524 5891 muterendi.
540 5825 626 5904 Ergo
647 5825 817 5910 episeopus
835 5840 901 5887 nuit
922 5823 1039 5890 millii
1130 5833 1168 5900 (ll
1186 5829 1284 5899 Nisei,
1300 5831 1393 5900 nujus.
