4080 6346
243 358 314 423 ibib

241 477 382 562 quotidii
397 473 558 560 splendidi
574 475 705 547 dicitur,
719 476 755 540 iu
776 475 887 558 liuqud
906 474 1035 572 qrqeibs

241 577 308 624 nou
321 559 455 623 arderet.
480 557 613 636 Quarto,
629 555 787 638 qnantum
807 557 846 621 ad
863 557 1037 620 inordina-

241 641 312 701 tum
325 644 450 714 actum
466 643 497 701 et
510 637 557 702 sic
568 639 700 718 ponitur
716 637 913 708 scurrilitas,
927 637 957 698 id
974 639 1034 714 est,

235 717 429 800 ‘jocularitas
453 717 598 799 quedam
623 719 818 798 proveniens
843 737 885 780 ex
910 714 1035 779 delectu

240 799 391 873 rationis,
405 798 753 879 quaesieutnonpotest
765 798 1033 870 cohibereverba,

240 876 285 942 ita
307 895 372 940 non
398 883 505 959 potest
530 879 680 941 cohibere
707 879 883 941 exteriores
907 883 1032 958 gestus3

239 955 326 1018 unde
350 959 388 1021 od
413 959 496 1038 pr.
513 955 550 1033 b,
569 975 666 1038 super
687 959 787 1021 illud:
803 959 866 1019 Aut
887 957 1035 1052 stultilo-

238 1036 364 1116 quium,
390 1047 445 1100 out
469 1039 666 1107 scurrilitas,
688 1039 764 1100 dicit
785 1038 900 1100 Glossa
925 1036 1031 1128 interl.

238 1115 324 1256 Jubd
339 1117 358 1178 b
373 1117 481 1180 stultis
496 1119 658 1180 curialitas
675 1117 804 1187 dicitur,
818 1117 853 1180 id
867 1125 922 1192 est,
932 1133 1034 1197 jocer-

57 1197 59 1204 '
141 1264 146 1272 ¹
250 1204 360 1266 oritus,
375 1216 443 1279 quer
454 1199 554 1260 rismu
562 1199 778 1262 moueresolet.
794 1198 947 1272 Quamvis
960 1214 1034 1290 pos-

238 1277 1032 1357 sctutrumquehorumrelcrriadverbainqmbus

238 1357 396 1438 contingit
425 1375 558 1436 peceare
585 1357 636 1420 vel
663 1358 789 1420 ratione
822 1355 1033 1436 superlinita-

238 1433 290 1508 ns,
305 1437 392 1515 quod
402 1438 540 1516 pertinet
557 1437 596 1499 ad
611 1435 854 1520 multiloquium,
870 1435 920 1500 vel
934 1436 1032 1529 ratio-

240 1530 280 1575 ne
298 1515 524 1592 inhonestatis,
537 1516 625 1597 quod
642 1517 781 1596 pertinet
797 1516 837 1580 ad
851 1517 1033 1580 scurrilita-

238 1599 308 1656 teus.

276 1674 324 1736 lix
340 1679 432 1754 parte
451 1679 560 1739 autem
580 1676 723 1756 eorporis
742 1677 875 1756 ponitur
895 1676 1032 1739 immuu-

235 1749 332 1824 ditie,
352 1773 425 1833 qum
441 1761 547 1835 potest
564 1757 683 1819 attendi
698 1757 765 1819 sive
783 1755 960 1819 secundum
978 1756 1032 1819 in-

237 1833 420 1896 ordinatam
442 1835 649 1898 emissionem
671 1853 950 1916 quarumcumque
968 1855 1032 1909 su-

237 1911 477 1990 perfluitatum,
506 1917 557 1976 vel
589 1915 772 1995 specialiter
803 1915 961 1994 quantum
990 1915 1030 1980 ad

212 1990 443 2055 semissionem
469 1996 612 2058 seminis.
650 1995 739 2059 Unde
766 2014 865 2075 super
889 1995 967 2057 illud
989 1997 1030 2060 ad

233 2067 316 2162 Epir.
331 2068 350 2132 5
365 2093 373 2132 ι
390 2074 579 2136 Fornicatio
600 2083 712 2144 autem,
729 2084 757 2137 et
774 2076 874 2138 ortuis
894 2077 1031 2152 immuu-

235 2143 327 2222 dttie,
340 2155 413 2226 eto,
427 2153 503 2216 dicit
518 2154 631 2218 Glossa
644 2154 806 2230 interl.,id
824 2157 1030 2224 seleucensi-

233 2231 343 2372 ueujia
369 2233 534 2313 pertineas
570 2235 611 2298 ud
643 2233 806 2298 libidinem
837 2253 1028 2316 quocumque

234 2325 284 2371 me
309 2331 339 2372 o.

274 2389 322 2451 Ad
344 2391 484 2470 primum
502 2411 587 2475 ergo
615 2392 784 2457 dicendum
806 2393 893 2474 quod
917 2394 1028 2459 laetitia

232 2483 306 2546 qum
320 2475 370 2533 est
384 2471 424 2535 de
438 2477 511 2536 actu
524 2475 648 2554 peecati
663 2475 715 2537 rel
728 2474 804 2546 line,
817 2475 1028 2553 consequitur

233 2563 328 2612 omne
353 2557 532 2631 peceatum,
556 2551 697 2617 maxime
718 2553 806 2631 quod
828 2555 972 2633 procedit
985 2573 1027 2618 ex

230 2623 360 2704 habitu;
389 2631 444 2694 sed
461 2633 571 2696 letitia
593 2651 688 2714 vaga,
697 2634 929 2713 incomposita,
953 2653 1027 2713 quse

231 2704 285 2770 blo
296 2707 414 2772 dicitur
427 2712 544 2792 inepto,
556 2711 717 2792 precipui
734 2714 838 2775 oritur
851 2731 892 2775 ex
906 2715 1027 2776 immo-

231 2783 343 2851 derasa
369 2793 553 2869 sumptione
576 2793 639 2855 cibi
662 2794 714 2855 vel
743 2791 849 2872 potins.
873 2793 1026 2856 Similiter

231 2865 329 2927 etiam
344 2866 512 2930 dicendum
527 2871 613 2949 quod
625 2872 784 2934 hebetudo
795 2872 910 2936 sensris
921 2890 1026 2952 quan-

230 2939 1024 3027 tirmadeligibiliacommnniterinvenitnrinomni

230 3029 380 3164 Beccatm
396 3028 452 3090 sed
463 3029 623 3093 hebetudo
639 3030 754 3092 sensbs
768 3032 854 3094 circa
870 3032 1026 3112 specula-

253 3103 308 3164 ilia
327 3107 466 3170 maxime
487 3109 631 3188 procedit
651 3111 1025 3192 exenterationem

228 3181 313 3245 dicti
328 3185 360 3246 in
374 3204 461 3266 corp.
477 3194 539 3251 nrt.

270 3263 318 3324 Ad
333 3267 510 3330 seeundum
520 3267 785 3350 dicendumqnod
796 3271 871 3334 licet
883 3272 971 3336 utilis
983 3272 1024 3334 sit

228 3343 369 3406 vomitus
393 3353 467 3426 post
491 3349 689 3428 superfluam
711 3353 951 3426 comestionem,
975 3357 1024 3415 to-

228 3439 303 3486 men
314 3424 465 3489 vitiosum
484 3432 531 3490 est
549 3430 637 3508 quod
651 3431 769 3510 aliquis
785 3431 860 3494 buin
876 3433 1020 3496 necessi-

228 3502 286 3564 tati
309 3523 343 3566 se
366 3507 482 3571 subdat
504 3527 563 3588 per
584 3511 863 3574 immoderantiam
886 3511 951 3574 cibi
971 3513 1022 3574 vel

227 3579 335 3662 petris.
359 3585 465 3650 Potest
486 3593 594 3652 tamen
617 3592 742 3668 absque
765 3589 861 3670 culpi
883 3593 1021 3655 vomitus

226 3666 396 3742 procurari
411 3685 453 3730 ex
465 3669 601 3732 consilio
614 3669 781 3734 medicinas
797 3670 831 3732 in
844 3671 1022 3734 remedium

226 3741 555 3827 alicujuslanguoris.

267 3823 315 3883 Ad
328 3825 458 3888 tertium
470 3826 640 3892 dicendum
653 3828 740 3910 quoa
752 3831 931 3894 scurrilitas
946 3848 1021 3911 pro-

226 3900 311 3963 cedit
334 3903 465 3981 quidem
485 3925 527 3968 en
549 3913 625 3972 actu
644 3910 740 3989 gulae,
761 3929 826 3972 non
849 3917 957 3974 autem
979 3929 1021 3973 ex

225 3985 301 4041 netu
316 3981 467 4058 luxurius,
485 3986 542 4048 sed
558 4005 600 4050 ex
619 3988 689 4069 ejus
703 3988 888 4065 voluntate3
904 3995 937 4053 et
950 3989 1020 4054 ideb

224 4057 267 4122 ad
279 4063 453 4143 utrumque
464 4065 578 4128 vitium
595 4071 701 4147 potest
715 4069 890 4146 pertinere.

454 4191 638 4268 QUAESTIO
659 4195 799 4259 oxum.

263 4285 312 4351 us
326 4305 587 4438 submersus]
601 4296 980 4458 (aequaturusque

574 4395 665 4440 seno.

264 4487 385 4555 Deinde
401 4493 669 4562 considerandum
685 4503 733 4562 est
747 4501 785 4562 de
800 4501 973 4565 sobrietate
987 4503 1020 4563 et

99 4637 106 4646 .
222 4567 303 4652 *sitio
319 4572 478 4653 opposito,
493 4577 614 4640 scilicet
628 4580 782 4644 ebrietate
799 4601 806 4641 :
823 4585 855 4643 et
868 4581 954 4644 circa
966 4596 1020 4643 so·

225 4645 392 4714 brietatem
423 4661 616 4732 queruntur
636 4664 779 4738 quatuor
801 4660 864 4734 21⁰,
878 4677 951 4740 quse
977 4659 1018 4722 sit

222 4730 360 4794 materia
388 4733 591 4812 sobrietatis3
617 4737 648 4798 2⁰
671 4737 781 4800 ntrbm
804 4739 846 4801 slt
868 4740 1016 4821 specialis

225 4805 344 4884 virtus3
360 4811 391 4872 3⁰
407 4811 516 4876 utrium
530 4833 609 4879 usus
623 4817 690 4880 vini
705 4819 746 4880 sit
761 4819 884 4895 licitus3
901 4817 1018 4899 uqui-

222 4883 284 4950 bus
300 4889 460 4970 precipui
475 4899 634 4976 competat
646 4897 815 4961 sobrietas.

223 4985 605 5058 subterinserere-
626 4996 740 5060 lltrbm
751 5000 883 5062 motuis
895 4997 1017 5064 sobrie-

333 5071 408 5132 tutis
426 5073 470 5135 sit
479 5081 588 5155 potus.
602 5109 641 5122 —
652 5075 757 5170 (Suu,
768 5095 820 5158 qu.
837 5078 921 5161 lta.)

260 5147 308 5210 Ab
323 5151 465 5243 primurn
477 5155 524 5218 sic
536 5155 730 5235 proceditur.
746 5159 775 5220 1.
786 5158 919 5222 Videtur
928 5157 1016 5239 quoa

220 5231 357 5294 matema
365 5232 497 5312 propria
505 5236 688 5300 sobrietatis
699 5255 764 5299 nou
774 5238 1017 5317 sitpotusdiici·

120 5338 125 5348 ·
219 5307 579 5392 turenimedttomma,
592 5315 912 5398 beilouplussupcre
943 5319 1015 5380 udm

221 5339 1013 5478 eportetsuperesedsupcreedsobristutrm.birgo

217 5466 378 5537 sobrietas
397 5476 447 5535 est
461 5473 559 5538 etiam
573 5477 660 5540 circa
674 5476 881 5556 sapientiam,
897 5483 928 5542 et
947 5495 1019 5546 uon,

217 5546 326 5612 solbm
340 5549 427 5615 circa
438 5557 563 5632 potum.

259 5627 290 5688 2.
309 5629 479 5708 helenen,
498 5633 573 5713 Sap.
589 5635 622 5712 8,
634 5635 666 5713 i,
679 5635 797 5700 dicitur
816 5635 855 5701 de
875 5641 934 5703 Dei
957 5587 1033 5706 sa-x

218 5705 341 5799 pientia
354 5709 441 5787 qnbd
454 5711 651 5778 sobrietatem
659 5723 687 5778 et
695 5717 897 5798 prudentium
910 5720 1010 5790 docet.

210 5791 378 5860 pertritum
399 5797 428 5850 et
443 5789 610 5863 uirtutem:
628 5797 684 5859 ubi
695 5796 901 5862 sobrietatem
922 5802 1013 5881 ponit

217 5875 279 5941 pro
290 5864 515 5946 temperantit·
528 5871 589 5936 Sed
600 5877 812 5950 subernun
825 5895 895 5944 non
905 5877 1012 5948 solium

685 360 815 420 sonum
832 307 1061 418 THEOLOblCAE
1080 354 1238 418 sonuum
1257 349 1435 422 SECUNDAE.
1496 411 1506 418 .

1089 477 1138 538 est
1148 476 1233 539 circa
1243 481 1373 556 potum,
1387 477 1442 542 sed
1457 479 1555 542 etiam
1566 479 1655 545 eirca
1672 481 1763 546 orbes
1779 487 1813 548 ct
1826 504 1878 550 vc·

1088 572 1198 619 nerea.
1222 556 1308 638 Ergo
1331 559 1488 622 sobrietas
1509 577 1576 622 non
1596 563 1646 624 est
1664 562 1770 626 solnm
1793 565 1878 632 circa

1087 639 1345 791 pobblbbrseterea,
1363 735 1481 780 nomen
1494 720 1675 784 sobrietatis
1690 719 1711 785 d
1724 723 1878 790 mensuri

1088 799 1250 874 sumptum
1261 814 1331 862 esse
1341 798 1475 860 videtur.
1486 798 1546 863 Sed
1555 802 1588 861 iu
1598 803 1747 864 omnibus
1756 819 1830 882 qum
1839 803 1877 868 ad

1086 877 1716 1023 ititoltit‘stabilietis
1729 899 1877 1103 igitr

1088 1039 1116 1093 et
1126 1033 1181 1112 pii
1195 1037 1334 1097 vivemus
1347 1036 1381 1097 iu
1396 1035 1454 1099 boe
1468 1039 1582 1109 seculo,
1599 1040 1653 1101 ubl
1669 1040 1745 1103 dicit
1792 1042 1878 1108 lossa

1086 1112 1193 1174 interl.
1207 1135 1215 1174 r
1231 1115 1497 1184 Sobrtttuuebte:
1511 1120 1572 1180 ott
1587 1119 1627 1180 ad
1639 1121 1721 1182 Tim.
1736 1120 1767 1195 2,
1780 1123 1812 1194 9,
1827 1123 1878 1184 di-

1086 1191 1170 1253 citur
1187 1214 1195 1253 r
1210 1195 1362 1257 Mulieres
1384 1198 1419 1258 iu
1439 1196 1548 1260 babitu
1564 1207 1687 1270 orosto,
1706 1218 1878 1264 sumsere-

1087 1272 1202 1333 mendici
1222 1282 1250 1335 et
1269 1274 1437 1337 sobrictmc
1450 1286 1661 1348 oruuot‘esser
1681 1281 1772 1342 etsie
1784 1281 1877 1344 vide-

1085 1357 1139 1413 tur
1150 1354 1308 1416 sobrietas
1323 1371 1393 1417 esse
1407 1373 1473 1418 non
1489 1356 1593 1418 solum
1607 1357 1640 1420 in
1654 1360 1873 1434 interioribus,

1085 1431 1140 1492 sed
1155 1433 1251 1496 etiam
1265 1433 1298 1495 in
1309 1435 1358 1496 bis
1373 1453 1445 1514 quse
1457 1437 1618 1516 pertinent
1632 1438 1671 1500 ad
1682 1440 1875 1502 exteriorem

1084 1509 1241 1650 {laetitiam
1253 1513 1323 1574 Non
1335 1529 1414 1595 erge
1427 1516 1559 1596 propria
1572 1519 1707 1582 materia
1720 1520 1874 1585 sobrieta-

1098 1589 1169 1652 ises
1217 1597 1301 1653 otus.
1447 1614 1457 1630 ·

1123 1669 1184 1731 Sed
1195 1609 1315 1736 lbontra
1335 1677 1383 1735 est
1424 1675 1487 1736 uod
1505 1675 1728 1739 diciturIioeli.
1741 1679 1792 1754 31,
1810 1679 1871 1740 ab:

1083 1747 1186 1829 AEquo
1202 1752 1269 1813 vito
1285 1692 1461 1816 bominibus
1475 1756 1581 1818 einum
1595 1756 1629 1818 iu
1642 1755 1808 1821 sobrietate
1820 1781 1831 1821 .·
1846 1761 1873 1822 si

1084 1827 1169 1890 bibus
1181 1830 1262 1892 illud
1273 1831 1443 1902 moderati.
1459 1836 1520 1896 eris
1530 1833 1664 1897 sobrius.

1124 1907 1313 1988 Respondeo
1340 1912 1509 1975 dicendum
1533 1913 1618 1992 quoa
1640 1916 1774 1979 virtutes
1802 1935 1874 1997 ane

1082 1987 1124 2050 ab
1139 1989 1249 2067 aliqua
1266 1991 1407 2070 generali
1423 1993 1605 2056 conditione
1621 1996 1748 2058 virtutis
1762 1999 1872 2058 nomi-

1082 2071 1220 2141 nantur,
1237 2070 1325 2132 illam
1344 2074 1510 2136 materiam
1523 2073 1586 2135 sibi
1601 2077 1783 2154 specialiter
1795 2077 1873 2140 vin-

1082 2145 1188 2208 dicant
1210 2149 1243 2210 in
1264 2150 1331 2228 qud
1353 2151 1575 2214 difficillimum
1594 2159 1626 2216 et
1647 2156 1802 2233 optimum
1825 2163 1873 2218 est

1082 2225 1297 2290 conditionem
1315 2229 1385 2322 ejus
1405 2234 1595 2307 observare3
1619 2234 1702 2296 sieut
1720 2234 1873 2298 tortitudo

1080 2306 1356 2450 titillabit
1370 2313 1872 2459 {instabilitatibus

1080 2465 1234 2529 mensuri
1246 2487 1253 2526 ε
1266 2467 1478 2531 diciturenim
1492 2472 1609 2550 aliquis
1625 2474 1766 2547 sobrius,
1777 2475 1872 2553 quasi

1081 2541 1196 2615 mium,
1212 2546 1245 2606 id
1266 2551 1330 2623 est,
1353 2565 1550 2626 mensnram,
1566 2569 1712 2617 servans.
1737 2553 1777 2615 Et
1800 2553 1871 2616 ideb

1079 2621 1169 2685 illam
1189 2627 1357 2689 materiam
1375 2631 1557 2707 specialiter
1570 2631 1631 2694 sibi
1644 2633 1802 2696 sobrietas
1817 2634 1872 2696 ad·

1080 2703 1191 2765 scribit
1207 2705 1241 2766 in
1259 2706 1325 2785 qua
1342 2708 1483 2772 maxime
1496 2709 1658 2774 laudabile
1673 2715 1722 2775 est
1735 2730 1872 2776 mensu-

1079 2797 1149 2846 ram
1163 2801 1307 2848 serrare.

1117 2861 1309 2944 Hnjnsmodi
1324 2870 1433 2929 autem
1454 2873 1503 2931 est
1520 2875 1616 2949 potus
1634 2869 1797 2935 inebriare
1809 2889 1872 2936 ra-

1077 2941 1159 3016 lens,
1171 2944 1248 3021 quia
1261 2945 1330 3024 ejus
1340 2964 1419 3024 usus
1433 2956 1637 3014 mensuratus
1649 2949 1785 3014 multbm
1795 2969 1870 3015 con·

1077 3020 1871 3112 tort,etimmodiousexcessusmnltirmlaedit,quin

1077 3099 1210 3179 impedit
1224 3119 1319 3165 usum
1334 3108 1469 3168 rationis
1480 3108 1583 3188 magis
1597 3109 1692 3173 etiam
1703 3112 1870 3188 quamcr-

1077 3183 1869 3263 eessuscloi.UndeoictturEceli.3l,3t:Suetus

1076 3261 1870 3348 retorsimusetcorporissobriuspotus.Vinummul·

1077 3337 1143 3400 tim
1155 3349 1301 3419 potatum
1314 3345 1536 3415 irritationem,
1554 3357 1581 3409 et
1597 3350 1696 3418 irum,
1715 3357 1744 3410 rt
1758 3350 1868 3412 meinos

1075 3419 1189 3480 multus
1211 3422 1299 3502 serit.
1336 3425 1376 3485 Et
1401 3426 1473 3488 ideo
1498 3429 1682 3506 specialiter
1710 3430 1866 3493 sobrietas

1076 3500 1252 3562 attenditur
1276 3503 1362 3568 circa
1384 3511 1508 3584 potum,
1529 3523 1594 3569 non
1617 3524 1865 3589 quemcumque,

1075 3578 1129 3640 sed
1150 3597 1224 3641 eum
1244 3583 1300 3660 qui
1318 3583 1378 3647 sud
1398 3585 1580 3649 fumositate
1595 3593 1754 3650 natusest
1772 3595 1868 3670 capot

1075 3661 1283 3735 conturbare,
1304 3665 1386 3725 siout
1406 3665 1529 3740 vinum,
1550 3671 1582 3728 et
1599 3685 1696 3730 omne
1712 3668 1799 3746 quod
1815 3671 1868 3730 in-

1065 3738 1201 3802 ebriare
1216 3744 1331 3818 potest.
1357 3743 1578 3808 communiter
1588 3754 1696 3809 autem
1711 3748 1866 3811 sumendo

1074 3831 1192 3880 nomen
1206 3821 1388 3885 sobrietatis
1402 3827 1507 3903 potest
1522 3825 1555 3886 in
1570 3827 1777 3906 qudcumque
1790 3845 1866 3890 rna-

1073 3896 1156 3959 teria
1169 3898 1242 3971 dici,
1258 3901 1340 3962 sicut
1354 3907 1385 3963 et
1399 3905 1628 3982 supradictum
1644 3911 1703 3978 cst,
1719 3923 1776 3986 qn.
1795 3908 1863 3982 rub,

1073 3981 1135 4038 art.
1151 3976 1182 4054 2,
1197 3983 1228 4039 et
1244 3983 1357 4059 qnaest.
1370 3981 1440 4059 lbi,
1455 3987 1517 4046 art.
1531 3984 1561 4062 2,
1578 3984 1616 4047 de
1631 3985 1817 4050 tortitudine
1834 3991 1864 4050 et

1073 4057 1297 4135 temperantia.

1113 4135 1161 4196 Ad
1175 4137 1314 4214 primum
1334 4157 1411 4221 ergo
1428 4142 1597 4206 dicendum
1615 4145 1702 4224 qnbd
1719 4145 1803 4208 sient
1814 4148 1864 4210 ri-

1073 4218 1323 4280 nummateriale
1333 4219 1470 4284 inebriat
1476 4224 1703 4302 corporaliter,
1717 4227 1761 4288 ita
1768 4227 1863 4288 etiam

1072 4295 1290 4373 metaphorice
1318 4300 1533 4364 consideratio
1560 4304 1726 4382 sapientie
1748 4305 1864 4366 dieitur

1070 4378 1168 4452 potus
1186 4375 1363 4454 inebrians,
1381 4385 1514 4460 propter
1528 4381 1589 4443 hoc
1602 4381 1689 4460 qnbd
1704 4383 1764 4447 sua
1779 4385 1862 4446 dele-

1071 4454 1211 4515 clatione
1222 4457 1365 4518 animum
1375 4459 1485 4536 allicit,
1497 4458 1673 4523 sccundbm
1688 4463 1767 4524 illud
1801 4465 1860 4526 sal.

1071 4529 1127 4606 m,
1146 4531 1166 4592 5
1182 4553 1190 4592 ε
1205 4533 1302 4597 Calin
1315 4555 1399 4599 meus
1412 4537 1572 4601 inebriares
1586 4541 1678 4621 qudm
1688 4481 1863 4621 presbvt«

1072 4611 1134 4672 est!
1150 4613 1189 4673 Et
1201 4613 1272 4676 ideb
1285 4617 1689 4698 circaeontemplationem
1698 4623 1863 4700 sapientie

1071 4708 1129 4771 per
1158 4693 1400 4759 similitudinem
1425 4698 1599 4779 quamdam
1625 4701 1783 4764 sobrietas
1808 4703 1864 4764 di·
1992 4713 1993 4716 ’

1070 4771 1165 4832 citur.

1110 4851 1158 4912 Ad
1179 4855 1354 4917 secundum
1369 4847 1644 4939 dicendum'qubd
1661 4861 1771 4925 omnia
1788 4877 1864 4941 que

1069 4929 1110 4992 ad
1122 4935 1368 5010 temperantiam
1380 4937 1694 5018 propriepertincnt,
1708 4958 1865 5005 neeessa-

1068 5009 1118 5070 ria
1140 5017 1216 5072 sunt
1238 5015 1388 5092 presenti
1409 5018 1498 5091 ritas,
1519 5022 1685 5081 eteorum
1708 5038 1863 5084 excessus

1068 5095 1175 5151 nocet.
1186 5091 1226 5152 Et
1239 5093 1311 5155 ideb
1333 5093 1368 5155 in
1391 5097 1541 5160 omuibus
1565 5101 1785 5163 necessarium
1813 5105 1865 5164 est

1069 5167 1221 5232 adbibere
1239 5191 1437 5239 mensuram.
1459 5177 1543 5255 quod
1566 5180 1704 5256 pertinet
1722 5179 1763 5242 ad
1783 5180 1865 5242 otn-

1068 5247 1153 5310 cium
1173 5253 1355 5316 sobrietatis
1372 5260 1526 5334 :propter
1544 5258 1630 5334 quod
1648 5259 1778 5320 nomine
1800 5277 1865 5322 sou

1068 5327 1213 5391 brietatis
1237 5334 1450 5412 temperantia
1471 5335 1680 5416 significatur.
1704 5337 1765 5400 Sed
1788 5357 1865 5402 nro-

1067 5406 1157 5470 dicus
1176 5425 1329 5474 excessus
1349 5412 1382 5474 in
1425 5419 1481 5476 otn
1503 5417 1576 5494 plus
1597 5422 1690 5480 nocet
1704 5416 1805 5498 q‘ndm
1826 5420 1863 5482 in

1066 5487 1165 5550 aliis:
1185 5495 1216 5550 et
1235 5489 1306 5553 ideb
1326 5494 1483 5558 sobrietas
1502 5495 1684 5576 specialiter
1705 5503 1754 5562 est
1773 5499 1863 5564 circa

1110 5572 1191 5629 tum.
1231 5599 1232 5603 =

1066 5581 1153 5708 pond
1174 5649 1305 5713 tertium
1319 5649 1486 5716 dicendum
1500 5653 1586 5734 quod
1603 5657 1751 5735 quamvis
1767 5675 1863 5721 men-

1066 5741 1143 5790 sura
1165 5727 1198 5788 in
1217 5731 1366 5793 omnibus
1384 5734 1580 5812 requiratur,
1593 5753 1659 5798 non
1679 5740 1786 5800 tamen
1807 5755 1862 5800 so-

1066 5806 1186 5868 brietas
1209 5809 1339 5888 proprii
1360 5813 1393 5873 in
1415 5813 1564 5876 omnibus
1589 5815 1722 5890 dicitur,
1746 5815 1802 5880 sed
1822 5817 1861 5880 in

1066 5887 1185 5966 quibus
1197 5906 1351 5957 mensura
1363 5897 1411 5955 est
1423 5893 1563 5960 mammo
1579 5895 1773 5961 necessaria.
