4080 6346
165 383 220 448 018
473 395 484 418 ·
712 377 849 450 QUAEST.
868 373 984 436 cxxiv.
1005 375 1049 436 ΒΕ
1067 371 1253 434 dunstato.
1422 407 1425 418 ·
1620 363 1624 370 ’
1721 439 1723 442 ,
1750 373 1803 440 m

166 499 494 584 etpruclpuecontra
509 495 653 594 pericula
669 497 958 576 mortis,etmaxi-
1009 497 1078 560 Deo
1092 496 1145 560 det
1158 496 1325 577 proprium
1338 511 1467 578 corpus,
1482 493 1619 592 quoddt
1634 514 1692 578 per
1707 514 1803 586 mar-
1883 521 1886 526 ¹

166 583 217 648 md
242 582 311 664 ejus
363 597 412 644 uu
437 585 487 644 est
507 597 541 642 ru
565 577 661 642 bello.
682 578 888 644 Manifestum
909 580 959 642 est
1011 577 1154 660 tyrium:
1171 576 1257 640 unde
1280 575 1454 670 Gregorius
1475 575 1565 652 dreit,
1585 577 1644 640 ult.
1662 577 1801 657 Moral,

165 667 274 727 autem
296 679 341 741 qn
396 661 432 722 iu
449 659 605 740 martyrio
621 659 718 722 homo
735 657 869 723 firmiter
883 673 959 720 eon·
1011 673 1082 750 cap.
1094 657 1144 731 10,
1160 653 1428 735 parumnpnnc„
1445 656 1532 737 qudd
1543 655 1803 724 obedientiores·

165 741 359 806 lirmaturin
369 737 591 803 bonorirtutis
602 783 611 813 ,
621 736 698 802 ddm
714 739 808 803 iidem
822 743 853 802 ct
861 737 961 818 justi·
1013 742 1071 798 ctes
1086 736 1221 799 uictimis
1231 735 1413 818 prefertur.
1428 737 1514 816 Ergo
1529 739 1719 818 martyrium
1735 757 1802 804 nou

164 823 245 886 tiam
255 837 321 883 non
332 819 592 900 deseritpropter
599 818 800 883 imminentia
814 817 959 960 pericula
1012 819 1061 880 est
1074 820 1166 879 actus
1182 816 1330 878 maximus
1345 815 1561 908 perlectionis.
1788 835 1792 844 ·

165 900 291 972 mortis,
329 899 485 963 ucetiam
499 897 532 959 in
548 896 688 978 quodum
698 903 819 963 certam
833 915 873 960 ne
885 915 960 976 par·
1051 893 1082 956 3.
1097 896 1266 967 Praeterea,
1284 896 1398 957 melius
1413 914 1484 960 esse
1494 896 1619 958 videtur
1636 896 1707 960 allis
1724 915 1804 976 pro-

167 917 329 1044 uculanl
344 977 605 1058 persecutoribus
614 975 961 1056 imminent.UudeCy-
1012 973 1104 1038 desse
1127 971 1230 1052 quam·
1250 975 1392 1053 seipsum
1418 976 1451 1036 in
1476 978 1562 1038 bono
1582 993 1801 1041 conservare:

190 1057 387 1122 rianusdicit
401 1058 434 1118 iu
447 1056 586 1137 quodam
600 1057 784 1134 serm.,loc.
797 1074 869 1136 sup.
885 1056 959 1118 cit:
1012 1055 1091 1133 quia
1117 1051 1230 1116 denum
1259 1054 1359 1133 pentir
1380 1053 1488 1118 melius
1510 1061 1553 1116 est
1574 1055 1664 1136 pedm
1689 1054 1803 1118 denum

201 1137 263 1202 idit
280 1135 440 1201 admirans
449 1137 652 1218 prementium
664 1135 833 1199 multitudo
847 1136 961 1198 celeste
1012 1135 1108 1197 unius
1120 1131 1275 1202 dominis,
1294 1132 1469 1196 secuudum
1484 1134 1714 1213 Philosophum
1730 1137 1762 1196 in
1783 1137 1801 1198 1

166 1214 515 1310 crrtcmeu‚etinprclio
523 1216 752 1279 stetissesmos
759 1213 879 1278 Christi
887 1231 961 1275 soce
1012 1211 1129 1286 Ethic.,
1147 1228 1216 1292 cap.
1231 1211 1262 1286 1,
1274 1213 1308 1272 in
1323 1211 1378 1274 lin.
1397 1211 1456 1274 Sed
1472 1213 1595 1353 1111Ἱυί
1611 1215 1804 1295 martyrium

166 1295 525 1365 teteonesremcorro
549 1293 857 1365 td,oirtutedioind.
873 1291 961 1358 Unde
1014 1291 1169 1364 sustinet,
1197 1292 1257 1353 sibi
1283 1292 1343 1354 soli
1368 1291 1515 1372 prodest;
1539 1293 1594 1355 ile
1619 1297 1727 1356 autem
1745 1295 1804 1372 qui

168 1375 434 1440 manilestumcst
449 1391 494 1456 qu
547 1379 631 1436 mart
672 1371 962 1436 ‘umestlortitudi·
1013 1369 1121 1445 docet,
1153 1370 1279 1449 prolicit
1302 1371 1423 1434 multis.
1442 1373 1528 1453 Ergo
1549 1375 1640 1434 actus
1669 1372 1804 1434 docendi

168 1455 218 1518 nis
235 1459 390 1518 actusset
394 1458 530 1536 propter
543 1452 604 1516 hoc
641 1457 758 1516 emart
781 1453 870 1514 ribus
885 1451 962 1531 legit
1014 1453 1045 1510 et
1070 1449 1269 1531 gubernandi
1290 1451 1433 1514 subditus
1458 1455 1506 1514 cst
1522 1449 1804 1531 pertecnorquarn

167 1534 311 1598 Ecclesia
327 1553 335 1594 s
349 1534 464 1596 Fortes
477 1533 555 1614 secti
570 1539 644 1593 runt
658 1531 693 1595 in
711 1471 801 1594 teilo.
1014 1532 1104 1590 actus
1116 1529 1272 1610 martyrii.

207 1612 256 1675 Ad
277 1613 417 1694 primum
437 1627 514 1691 orgo
536 1610 705 1673 dicendum
729 1608 817 1689 qudd
837 1611 871 1671 iu
886 1611 961 1672 actu
1053 1607 1112 1670 Sed
1132 1614 1244 1672 contra
1264 1610 1410 1690 estquod
1425 1611 1624 1750 Augustinus
1639 1611 1673 1676 iu
1693 1611 1749 1672 lib.
1764 1609 1804 1674 de

167 1691 364 1756 lortitudiuis
380 1691 444 1753 duo
465 1694 541 1753 sunt
557 1689 806 1765 consideranda,
822 1705 962 1768 quorsum
1014 1685 1127 1751 sancta
1141 1687 1346 1770 virginitate,
1368 1707 1439 1770 cap.
1459 1689 1478 1750 ls
1510 1691 1567 1766 ,in
1582 1690 1657 1764 lin,
1676 1689 1804 1768 preelert

167 1788 271 1835 unum
287 1775 337 1836 est
352 1772 492 1845 bonum,
514 1769 547 1830 iu
562 1785 628 1847 quo
646 1767 736 1830 lortis
751 1765 915 1842 firmatur,
930 1770 961 1829 et
1014 1767 1205 1848 martyrium
1221 1768 1413 1849 virginitati,
1432 1785 1505 1848 qum
1519 1768 1558 1832 ad
1574 1768 1804 1849 perfectionem

168 1851 231 1915 hoc
240 1851 290 1916 est
303 1849 498 1914 lortitudinis
508 1847 601 1922 linis3
615 1846 702 1911 aliud
716 1850 766 1910 est
779 1847 849 1926 ipsa
859 1845 964 1910 lirmi-
1013 1845 1163 1924 pertinet.
1178 1845 1263 1926 Ergo
1285 1849 1477 1930 martyrium
1490 1847 1630 1911 maxime
1643 1848 1682 1911 ad
1695 1847 1803 1928 perle-

167 1933 218 1998 tes
229 1973 238 2004 ,
249 1927 312 2010 qut
351 1929 402 1993 uis
418 1944 484 1990 uon
494 1926 578 1991 cedit
590 1926 763 1989 contrariis
781 1926 964 2005 prohiben-
1014 1925 1153 1987 ctionem
1166 1927 1326 2004 pertinere
1342 1928 1480 1992 videtur.

167 2009 255 2074 tibus
269 2010 310 2072 ab
324 1947 380 2070 illo
396 2009 501 2082 bonp;
515 2009 547 2070 et
559 2006 593 2068 iu
607 2005 669 2068 hoc
683 2005 829 2068 consistit
845 2023 963 2068 essen·
1038 2004 1242 2098 ‘despondeo
1261 2005 1429 2069 dicendum
1442 2005 1528 2086 quod
1545 2005 1584 2068 de
1605 2005 1715 2086 aliquo
1730 2011 1806 2072 actu

168 2089 213 2152 os
227 2087 436 2150 fortitudinis.
458 2086 547 2148 Sicut
560 2087 668 2149 autem
689 2083 841 2147 lentitudo
857 2084 961 2148 ciuilis
1014 2082 1240 2162 urtunsloqui
1254 2085 1601 2165 possumusdupliciter
1613 2105 1621 2146 ε
1633 2103 1700 2148 uno
1710 2086 1806 2148 modo

168 2167 276 2230 lirmat
291 2168 437 2231 animum
457 2163 596 2227 hominis
618 2165 652 2225 in
665 2161 791 2245 justitia
805 2163 960 2237 humana,
1014 2161 1190 2224 secundum
1202 2165 1341 2242 speciem
1357 2163 1447 2228 acinis
1460 2165 1561 2246 ipsius
1575 2210 1583 2236 ‚
1598 2169 1697 2244 prout
1710 2182 1807 2227 com-

167 2246 399 2342 proptercujus
410 2243 689 2308 conservationem
699 2243 810 2306 mortis
819 2241 963 2322 pericula
1013 2248 1149 2334 paratur
1184 2241 1223 2304 ad
1249 2244 1399 2306 virtutem
1437 2242 1586 2322 proxime
1625 2244 1806 2308 elicientem

168 2327 324 2402 sustinet,
341 2331 387 2389 rta
406 2326 503 2388 etiam
521 2321 674 2385 lentitudo
696 2322 837 2403 gratuita
856 2321 964 2384 lirmat
1014 2337 1142 2414 ipsum:
1166 2323 1197 2384 et
1213 2321 1260 2386 sic
1279 2341 1345 2385 nou
1362 2325 1553 2402 potestesse
1574 2321 1661 2397 qudd
1681 2330 1807 2404 marty-

168 2405 311 2470 animam
338 2403 478 2467 hominis
498 2401 777 2482 inbouojustitim
795 2399 874 2474 Dei,
894 2417 963 2481 que
1014 2417 1117 2473 num,
1144 2401 1231 2480 quod
1260 2403 1406 2464 consistit
1436 2403 1469 2464 in
1495 2402 1601 2466 debita
1632 2401 1805 2468 tolerantia

168 2490 214 2546 est
242 2500 301 2564 per
343 2483 411 2546 dem
438 2481 560 2545 Christi
592 2481 685 2550 Iesu,
712 2484 750 2542 ut
775 2479 893 2542 dicitur
922 2477 963 2543 ad
1014 2479 1803 2559 mortis,sitperlectissimusintervirtutisactus,

167 2564 261 2626 Rom.
275 2561 307 2638 3,
359 2562 418 2624 nt
435 2561 482 2624 sic
495 2561 688 2654 martyrium
702 2563 909 2654 comparatur
922 2557 963 2622 ad
1014 2557 1092 2638 quia
1105 2557 1244 2622 tolerare
1264 2565 1401 2623 mortem
1425 2578 1490 2623 non
1506 2564 1556 2624 est
1571 2559 1733 2624 landabile
1750 2580 1805 2624 se-

167 2641 263 2704 ddem
291 2642 374 2706 sicut
397 2641 438 2705 ad
463 2639 561 2703 linem
583 2656 617 2700 ru
643 2655 709 2719 quo
738 2637 856 2718 alequis
878 2653 963 2700 con-
1015 2635 1155 2700 cundiam
1168 2657 1219 2714 se,
1234 2637 1290 2702 sed
1305 2639 1410 2702 solum
1423 2637 1600 2704 secundum
1614 2640 1701 2720 qudd
1720 2641 1807 2702 ordi-

167 2721 335 2796 armatur,
367 2720 408 2784 ad
430 2717 650 2782 lortitudiuem
678 2721 786 2780 autern
815 2717 899 2780 sicut
921 2717 961 2780 ad
1014 2720 1111 2780 natur
1134 2717 1175 2780 ad
1195 2718 1327 2798 aliquod
1344 2721 1483 2795 bonnm,
1503 2718 1590 2800 quod
1611 2719 1757 2784 consistit
1770 2721 1805 2782 iu

168 2800 314 2865 habitum
328 2799 520 2865 elicientem.
1014 2800 1089 2858 actu
1100 2797 1239 2870 virtutis,
1251 2795 1329 2876 puta
1343 2797 1384 2861 ad
1392 2799 1485 2860 lrdem
1502 2797 1585 2861 etad
1599 2798 1806 2862 dilectionem

208 2880 256 2942 Ad
279 2878 456 2942 seeundum
484 2875 653 2940 dicendum
678 2873 765 2954 qudd
788 2875 830 2939 ad
855 2877 962 2938 actunr
1014 2875 1071 2936 Dei
1089 2895 1096 2935 ε
1114 2875 1199 2940 unde
1221 2876 1275 2940 ille
1293 2881 1384 2941 actus
1406 2877 1550 2955 virtutis,
1566 2875 1639 2941 calm
1660 2879 1701 2941 sit
1717 2878 1804 2955 linis,

168 2958 315 3042 martyrii
331 2959 468 3022 inclinat
491 2956 621 3036 quidem
640 2955 781 3018 charitas
796 2955 880 3019 sicut
919 2955 963 3016 ri-
1015 2955 1194 3018 meliorest.

167 3055 257 3102 mum
281 3042 314 3102 et
338 3037 516 3118 principale
540 3035 714 3110 motivum,
746 3053 805 3114 per
833 3051 886 3096 mo
908 3051 963 3097 um
1054 3033 1234 3096 Aliomodo
1250 3040 1356 3116 potest
1380 3037 1577 3102 considerari
1591 3043 1681 3102 actus
1698 3039 1807 3102 virtu-

170 3117 300 3180 virtutis
330 3115 534 3197 imperantis3
560 3112 713 3176 lortitudo
747 3117 856 3176 autern
880 3114 964 3176 sicut
1014 3110 1073 3186 tis,
1090 3112 1267 3198 secundnm
1301 3115 1365 3196 odd
1382 3122 1590 3198 comparatur
1607 3117 1646 3182 ad
1665 3120 1807 3198 primum

168 3197 324 3264 motivum
341 3213 400 3276 pro
423 3197 529 3269 mum,
544 3210 603 3274 per
615 3192 744 3254 modum
757 3193 882 3255 virtutis
899 3193 963 3254 eli·
1014 3192 1193 3268 motivum,
1212 3133 1300 3272 quod
1323 3201 1372 3258 ost
1397 3212 1490 3259 arnor
1510 3197 1691 3271 charitatis,
1712 3203 1744 3259 ct
1763 3213 1807 3260 ex

169 3277 294 3340 cientis.
310 3275 349 3336 Et
362 3214 437 3337 inrle
451 3273 594 3353 estquod
610 3272 801 3366 martyrium
812 3276 860 3333 est
872 3274 962 3334 actus
1014 3269 1075 3333 nse
1090 3275 1180 3350 parte
1192 3273 1360 3366 'praecipue
1373 3276 1490 3354 aliquis
1505 3281 1596 3338 actus
1612 3276 1708 3338 habet
1720 3275 1807 3355 quod

170 3353 589 3433 charitatisutimperantis,
601 3349 915 3413 lortrtudrursautem
927 3354 964 3410 ut
1014 3348 1055 3410 ad
1069 3350 1296 3428 perlectionem
1308 3354 1381 3415 sitm
1395 3353 1565 3432 pertineat,
1574 3355 1665 3433 qnia.
1677 3357 1746 3415 utl
1770 3371 1807 3416 o-

169 3433 339 3498 elicientis.
353 3432 432 3496 lude
447 3432 543 3495 etiam
554 3435 603 3494 est
616 3428 702 3508 qudd
715 3434 888 3508 utramque
900 3429 963 3491 vir·
1015 3430 1116 3490 stolus
1125 3429 1199 3491 dicit
1211 3429 1326 3493 adCol.
1342 3431 1372 3506 3,
1382 3431 1432 3507 lt,
1445 3431 1580 3494 charitas
1594 3441 1637 3493 est
1647 3434 1702 3495 oin
1757 3453 1808 3494 um

169 3517 271 3575 tutem
299 3512 494 3576 manilestat.
524 3509 617 3586 Quod
637 3512 746 3571 autem
768 3509 811 3568 sit
830 3508 963 3569 merite-
1012 3509 1227 3588 perfectionis.
1254 3509 1444 3590 Martyrium
1463 3516 1571 3573 autem
1595 3513 1679 3574 inter
1694 3529 1806 3576 omnes

170 3591 274 3666 mum,
288 3591 350 3655 hoc
364 3592 461 3654 habet
477 3608 519 3651 ex
538 3587 705 3660 charitate,
723 3587 806 3649 sicut
819 3589 850 3648 et
863 3587 965 3665 quili-
1015 3591 1105 3648 actus
1134 3588 1295 3650 virtuosos
1314 3589 1454 3652 maxime
1482 3589 1681 3655 demonstrat
1703 3591 1809 3670 perlcff

170 3671 224 3732 iret
234 3671 361 3735 rimatis
376 3675 480 3733 actus.
494 3669 534 3731 Et
550 3667 621 3730 ided
639 3665 710 3728 siue
725 3665 880 3728 charitate
896 3683 963 3727 nou
1015 3666 1153 3729 ctionem
1168 3667 1354 3730 charitatis:
1373 3669 1452 3748 quia
1465 3668 1555 3731 tantd
1570 3669 1671 3751 magis
1692 3676 1807 3733 osten-

172 3749 270 3814 valet.
1015 3743 1102 3806 ditur
1123 3745 1241 3825 uliquis
1266 3746 1411 3827 aliquam
1438 3766 1507 3811 rem
1532 3763 1659 3824 amare,
1681 3749 1806 3830 quanto

197 3829 258 3891 ..ld
279 3828 409 3892 tertium
431 3825 599 3891 dicendum
620 3823 824 3906 qudd‚sicuti
844 3823 964 3888 dictum
1015 3841 1076 3902 pro
1099 3823 1138 3888 ed
1161 3843 1230 3886 rem
1249 3827 1352 3906 magis
1384 3831 1525 3890 amatam
1547 3829 1743 3904 contemnit,
1774 3835 1808 3891 et

169 3911 221 3972 est
241 3911 353 3987 quest.
373 3924 486 3987 prmo,
501 3909 562 3969 art.
583 3903 622 3981 d,
645 3904 854 3984 principalior
872 3909 963 3967 actus
1015 3921 1084 3965 rem
1101 3905 1203 3984 magis
1224 3905 1369 3970 odiosam
1392 3906 1481 3987 eligit
1502 3907 1581 3986 pati.
1599 3907 1807 3970 Manilestum

170 3985 365 4049 lortitudinis
380 3991 430 4049 est
448 3985 629 4058 sustineres
651 3983 692 4047 ad
708 4001 805 4061 quem
826 3984 965 4062 pertinet
1016 3987 1065 4043 est
1082 3985 1188 4046 numm
1206 3984 1293 4064 qudd
1312 3985 1397 4048 iuter
1410 3985 1520 4050 omnia
1534 3987 1601 4049 alia
1616 3988 1703 4051 bona
1717 4003 1808 4082 prm-

170 4065 386 4148 martyrium,
419 4081 486 4127 uon
525 4067 633 4126 autem
666 4063 706 4126 ad
737 4062 964 4125 secundarium
1017 4063 1115 4124 sentis
1128 4063 1200 4125 sitm
1213 4062 1354 4126 maxime
1368 4069 1454 4128 annet
1465 4064 1563 4128 horno
1575 4066 1680 4147 ipsam
1694 4071 1806 4140 estam,

170 4148 279 4208 actuun
293 4145 382 4225 ejus,
405 4145 461 4223 qui
477 4149 526 4206 est
537 4139 678 4236 aggredi.
696 4141 736 4204 Et
749 4157 826 4220 quta
840 4143 965 4221 patien-
1016 4144 1048 4202 et
1062 4143 1253 4205 econtrario
1266 4143 1405 4206 maxime
1416 4144 1483 4206 odit
1496 4146 1599 4226 ipsam
1612 4150 1760 4222 mortem,
1776 4153 1809 4208 et

171 4224 218 4288 tia
234 4223 372 4286 deservit
392 4222 569 4285 lortitudiur
588 4241 630 4285 cx
649 4225 741 4301 parte
756 4219 846 4284 actus
867 4221 965 4299 prin·
1016 4220 1176 4301 praecipue
1205 4240 1278 4285 cunr
1307 4223 1472 4286 doloribus
1494 4242 1550 4286 cor
1573 4225 1712 4287 oralium
1733 4230 1810 4287 tor-

171 4303 302 4383 cipalis,
333 4302 390 4381 qui
418 4306 468 4364 est
494 4301 672 4373 sustinere,
699 4300 772 4363 inde
799 4303 847 4361 est
878 4299 965 4379 qudd
1016 4305 1352 4383 mentorum,qsorum
1363 4303 1543 4364 antestium
1591 4303 1810 4368 utaenimulio

171 4382 424 4446 concomitanter
436 4381 470 4442 ln
490 4381 686 4460 martyribus
702 4379 857 4458 patientia
869 4396 964 4441 com-
1016 4379 1036 4438 ὰ
1058 4381 1204 4442 nmaimis
1218 4379 1676 4460 voluptatibusadstrotuntur.
1688 4389 1725 4447 ut
1737 4383 1808 4447 Au-

171 4461 354 4525 meudatur.
1017 4458 1420 4537 gustinmdicitinnnsa
1488 4505 1508 4534 .‚
1547 4467 1638 4525 umet.
1653 4463 1705 4537 36,
1720 4465 1807 4527 inter

171 4540 353 4604 Anmcusus
370 4557 419 4602 sn.
436 4573 476 4586 -·
492 4537 605 4602 Utrslm
619 4537 807 4617 martyrium
818 4537 861 4599 sit
876 4545 965 4599 actus
1016 4537 1120 4615 princ.
1142 4541 1173 4600 et
1192 4537 1274 4599 med.
1289 4537 1329 4598 Et
1343 4538 1462 4600 secund
1488 4559 1519 4602 m
1559 4558 1597 4603 oo
1619 4545 1706 4621 patet
1720 4543 1808 4623 qudd

211 4620 425 4761 illm?
440 4616 632 4681 ‘⁶“'⁰'“'⁸·''
646 4614 738 4699 ‘'l'’
758 4623 867 4697 a...
885 4613 961 4692 ¹⁸2⁹
1016 4617 1207 4774 ilidii?
1222 4616 1568 4760 {sanititati
1584 4621 1744 4761 Ψ
1758 4627 1809 4719 ‘⁸³

267 4743 275 4760 .
315 4745 323 4773 ,
409 4744 416 4759 .
1586 4719 1603 4762 e
1652 4719 1666 4762 s
1733 4719 1808 4766 uass

212 4778 403 4840 laertium
419 4778 466 4840 sic
485 4775 678 4856 proceditur.
694 4775 724 4836 1.
734 4773 868 4839 Videtur
879 4773 964 4854 qnod
1016 4774 1166 4838 maximoe
1187 4773 1352 4838 charitatis
1369 4775 1518 4856 signum,
1535 4719 1808 4843 sogcundu’mlllud

172 4862 258 4920 mart
279 4857 364 4920 rium
379 4875 444 4918 nou
462 4857 504 4918 sit
517 4859 607 4918 actus
627 4855 776 4918 maxime
783 4853 965 4993 ‘perlectio-
1015 4851 1171 4925 loan.15‚
1188 4853 1226 4914 13
1240 4874 1248 4914 ε
1265 4855 1611 4936 Majoremclturitotem
1619 4877 1707 4922 nemo
1717 4855 1808 4922 dedet

172 4937 236 5000 uis.
252 4877 335 5000 lund
349 4937 435 4998 enim
450 4935 488 4998 ad
501 4933 730 5014 perlectionem
749 4933 781 4996 vi
804 4935 876 4995 etur
888 4950 966 5013 per·
1016 4934 1108 5016 pedm
1126 4940 1163 4995 ut
1174 4933 1308 4996 animum
1323 4953 1410 4996 mecm
1420 4945 1522 5016 ponat
1541 4939 1610 5020 quis
1619 4957 1682 5019 pre
1697 4938 1807 5001 amicis

172 5015 277 5080 tinere
293 5016 380 5096 quod
395 5015 480 5078 cadit
490 5015 551 5078 snb
566 5015 714 5088 consilio,
726 5031 792 5076 nou
808 5013 869 5078 sub
883 5029 964 5090 prae-
1016 5013 1092 5076 suis.

173 5113 210 5158 ce
234 5100 282 5170 to,
309 5097 388 5238 (ὲιιία
409 5094 530 5159 scilicet
552 5097 686 5156 nonest
708 5091 747 5155 de
773 5093 963 5156 necessitate
1056 5093 1104 5154 nd
1129 5092 1268 5171 primum
1293 5111 1370 5175 ergo
1391 5093 1561 5160 dicendum
1587 5098 1673 5237 (11111
1697 5099 1807 5164 nullus

173 5191 210 5238 sa
225 5176 300 5238 utis.
340 5174 378 5240 ed
397 5173 588 5255 martyrium
603 5171 729 5236 ridetur
746 5190 818 5236 esse
840 5172 879 5234 de
903 5189 965 5234 ue-
1017 5177 1066 5236 est
1087 5178 1177 5234 actus
1196 5171 1401 5252 perfectiouis
1421 5177 1482 5238 sub
1503 5177 1593 5240 consi
1608 5179 1640 5238 io
1666 5177 1806 5254 cadens,

174 5255 324 5319 cessitate
347 5253 459 5318 salutis
486 5273 494 5310 :
523 5251 599 5314 dicit
617 5254 704 5314 euim
727 5251 899 5331 Apostolus
923 5250 965 5314 ad
1017 5252 1117 5332 quiin
1131 5252 1371 5332 aliquoereutu
1384 5255 1620 5320 noncadatsub
1635 5262 1807 5340 praecepto,

173 5333 266 5396 llum.
278 5334 328 5407 10,
340 5334 379 5396 10
395 5331 516 5396 :Corde
529 5330 669 5394 creditur
683 5330 896 5413 adjustitiam,
911 5349 965 5393 ere
1040 5331 1110 5394 uasi
1133 5331 1171 5394 do
1192 5333 1383 5397 necessitate
1402 5335 1515 5398 solutis
1540 5336 1701 5414 existens,
1723 5339 1808 5401 sicut

173 5422 276 5476 eutem
290 5413 486 5496 fitconscssio
498 5409 693 5481 adsolmem:
703 5411 900 5502 etlioan.3²
912 5411 962 5486 16,
1015 5351 1217 5492 Rugnstinus
1228 5411 1304 5474 dicit
1315 5413 1349 5475 iu
1360 5413 1415 5476 lib.
1432 5413 1471 5475 de
1485 5414 1674 5478 adulterinis
1688 5415 1808 5500 Conju·

174 5491 291 5557 dicitur
303 5489 601 5572 quddnosdebemus
610 5507 673 5570 pro
683 5489 835 5572 [rutmors
845 5507 964 5556 onomat
1017 5491 1090 5572 giis,
1105 5507 1175 5570 cap.
1191 5491 1240 5567 13,
1256 5491 1343 5571 qnod
1360 5493 1477 5572 aliquis
1492 5493 1603 5556 incidit
1615 5497 1650 5558 in
1665 5498 1808 5560 uecessi-

174 5577 303 5636 nostras
312 5573 534 5654 ponerellrgo
547 5570 739 5650 martyrium
749 5587 814 5633 non
827 5570 964 5650 pertinet
1017 5573 1115 5633 tatem
1135 5571 1339 5634 continentias
1358 5570 1523 5636 servandae
1537 5591 1597 5653 pro
1620 5580 1670 5638 ter
1683 5578 1808 5640 absen-

175 5651 217 5715 ad
227 5653 466 5733 perlectionem.
1017 5650 1111 5726 tiam,
1126 5651 1178 5713 vel
1195 5650 1413 5713 infirmitatem
1441 5654 1566 5716 uxoris.
1586 5593 1626 5715 ἔί
1648 5655 1720 5719 ided
1740 5675 1806 5720 nou

213 5731 245 5794 2.
273 5734 448 5806 Preietos,
478 5732 518 5796 ad
552 5730 708 5812 majorem
736 5727 964 5809 perlectionem
1018 5732 1067 5792 est
1082 5733 1195 5793 contra
1208 5730 1434 5810 perlectionem
1445 5735 1807 5816 martyrii‚siiualiquo

175 5810 304 5876 videtur
321 5813 481 5892 pertinere
500 5809 586 5893 qudd
608 5810 725 5904 aliquis
740 5806 793 5871 det
812 5810 879 5873 Deo
894 5810 965 5870 aui·
1018 5827 1096 5873 casn
1111 5811 1153 5872 sit
1163 5809 1203 5872 de
1216 5810 1405 5872 necessitate
1418 5811 1530 5874 salutis
1550 5833 1557 5874 ε
1581 5817 1631 5876 est
1646 5817 1731 5878 enirn
1743 5817 1808 5880 ali-
1912 5871 1915 5879 ,

175 5907 274 5968 maur,
290 5889 378 5970 quod
389 5889 427 5950 lit
438 5903 499 5966 per
516 5891 747 5970 obedientiam,
762 5885 862 5972 quam
875 5889 963 5972 qudd
1018 5891 1092 5978 quis
1113 5905 1208 5956 casus
1231 5890 1264 5952 iu
1286 5905 1352 5976 quo
1368 5892 1559 5974 martyrium
1578 5893 1719 5978 perlerre
1738 5915 1805 5966 nou
