4080 6346
166 413 219 476 abs
711 411 845 482 QuAEsr.
865 411 983 470 cxxiv.
1003 413 1047 470 uh
1067 413 1255 472 lintistino.
1753 420 1807 484 9111

167 531 262 613 cipue
279 527 513 598 sihivindicant
524 529 556 592 id
566 529 653 608 quod
668 529 804 608 pertinet
817 548 960 594 eommu-
1015 537 1060 590 est
1072 531 1241 622 essemoJ'os
1253 530 1337 611 pund
1348 531 1473 602 instrue·
1490 533 1576 600 unde
1591 536 1681 601 tanto
1695 540 1805 622 aliqua

167 614 252 675 niter
266 614 307 676 ad
318 614 465 675 virtutes.
489 613 576 674 lnter
591 611 671 672 alias
688 615 795 672 uutrnn
809 627 960 672 commu·
1013 610 1113 672 virtus
1130 629 1233 689 uraJor
1247 617 1305 684 est,
1322 611 1444 690 quante
1461 614 1576 676 melior
1594 621 1653 680 est.
1676 619 1804 686 Bonum

73 731 75 744 ι
167 712 225 755 nes
240 693 367 764 virtutis
384 691 579 754 conditiones
598 707 664 752 una
684 691 815 768 [innitur
818 691 960 830 pleniter
1012 691 1805 768 autemrntionisesthonnnishonumsecnndlm
1887 723 1892 730 ·

167 774 303 852 operari,
320 776 356 834 ut
369 775 456 850 patet
470 769 665 845 insistite,
682 788 752 847 cap.
768 767 797 830 b.
845 771 959 834 audem
1010 769 1220 848 Dionysium,
1243 767 1261 830 b
1284 787 1354 848 cap.
1379 771 1418 834 de
1441 773 1503 836 div.
1530 773 1633 850 lime,
1657 788 1739 854 pert.
1766 779 1802 855 b,

168 859 276 914 autem
300 851 458 914 firmitatis
474 847 638 930 potissime
657 850 718 910 sihi
733 849 872 912 vindicat
888 849 960 912 lor-
1011 849 1084 911 leet.
1112 848 1161 908 22.
1206 850 1275 914 Hoc
1316 856 1424 914 autem
1459 854 1579 914 honum
1622 861 1804 923 essentiali-

166 931 280 994 titudo.
294 929 397 994 Tanto
414 930 500 992 enim
514 930 615 1008 magis
628 927 779 992 laudatur
792 931 848 1008 qui
862 931 960 992 tirmi-
1010 933 1060 992 ter
1079 929 1206 1008 quidem
1223 930 1319 992 habet
1333 927 1514 1008 prudentia,
1535 949 1606 1012 quse
1624 941 1673 998 est
1691 939 1806 1017 perse*-

165 1015 216 1080 ter
233 1015 311 1086 stat,
335 1010 456 1090 quantb
473 1009 570 1072 hahet
607 1010 714 1072 rarius
733 1009 899 1089 impellens
919 1007 959 1072 ad
1012 1009 1234 1084 ctiorationis;
1247 1009 1489 1090 justitiaautem
1502 1017 1549 1073 est
1562 1013 1657 1094 hujus
1672 1017 1747 1078 boni
1762 1019 1804 1084 ia·

165 1028 733 1157 eneendnmveledrenoeebendum.
749 1089 886 1169 Impellit
897 1105 960 1154 eu·
1011 1088 1803 1174 etheit),inquantnmscilieetadipsampertinet

163 1175 231 1232 tem
243 1168 407 1233 hominem
418 1165 458 1232 ad
469 1164 694 1250 discedendum
708 1171 749 1232 ab
764 1171 898 1248 eoquod
911 1174 960 1232 est
1011 1169 1155 1230 ordinem
1175 1169 1309 1230 rationis
1332 1186 1452 1248 ponere
1475 1174 1509 1232 in
1530 1173 1680 1238 omnibus
1703 1179 1801 1240 rebus

165 1247 343 1316 seeundum
367 1249 527 1314 rationem
562 1253 593 1310 et
609 1249 730 1310 honum
745 1248 905 1312 delectans
928 1253 960 1313 et
1011 1247 1172 1310 humanis.
1195 1248 1274 1310 illim
1293 1253 1399 1310 autern
1415 1251 1549 1314 virtutes
1572 1258 1648 1316 suut
1667 1271 1803 1319 conser-

164 1331 288 1392 malum
304 1327 460 1421 affligens.
486 1295 545 1390 Sed
558 1327 689 1408 graviirs
714 1330 849 1407 impellit
867 1329 959 1392 dolor
1011 1327 1231 1408 vutivrehujus
1243 1329 1330 1402 honi,
1343 1329 1542 1408 inquantum
1553 1333 1802 1398 scilicetmode-

164 1410 310 1488 corporis
326 1428 424 1487 quam
437 1403 598 1488 voluptas.
612 1396 694 1470 llicit
707 1409 792 1469 enirn
807 1411 959 1488 Augusti·
1010 1415 1124 1468 saritur
1147 1407 1329 1486 passiones,
1357 1425 1398 1470 ne
1417 1409 1578 1474 abducant
1597 1412 1761 1477 hominem
1782 1417 1803 1482 1

164 1507 227 1551 nus
239 1490 272 1550 in
283 1489 339 1552 lib.
354 1484 393 1550 83
407 1489 485 1564 QQ,
498 1507 553 1568 qu.
565 1485 616 1561 36,
628 1489 785 1566 aliquant.
797 1485 817 1552 b
831 1489 955 1567 prinu:
1010 1487 1095 1550 bono
1111 1487 1257 1548 rationis.
1277 1489 1316 1548 llt
1332 1488 1366 1548 in
1385 1487 1498 1551 ordine
1516 1489 1632 1554 harum
1649 1491 1802 1558 tortitudo

163 1563 198 1632 Ν
200 1588 264 1630 erno
281 1570 393 1648 estqui
407 1568 696 1647 esttenete-sopiat
716 1568 854 1628 dolorem
867 1568 959 1648 pedm
1010 1571 1096 1628 tenet
1113 1567 1219 1628 locum
1232 1567 1441 1660 precipuum,
1458 1569 1535 1648 quia
1552 1571 1648 1633 timor
1666 1575 1802 1653 pericu·

164 1657 292 1728 oppetat
316 1647 516 1728 eoissptetenr.
548 1645 686 1730 Nontpee
711 1647 848 1708 or'cternus
866 1648 958 1710 etiem
1008 1643 1115 1708 lorum
1127 1645 1572 1712 mortismaxrmeestellieax
1587 1649 1626 1712 ad
1641 1632 1801 1732 hocqudd

163 1726 400 1789 irrsnranissimes
422 1723 531 1790 bestius
550 1725 727 1790 dmeeimts
744 1726 957 1803 voluptatibus
1008 1723 1172 1786 hominem
1195 1725 1289 1787 iaciat
1312 1727 1460 1790 recedere
1486 1725 1506 1790 l
1534 1730 1618 1790 hono
1640 1733 1799 1796 rationis:

110 1830 118 1842 ·
163 1807 333 1870 absterreri
358 1806 503 1868 dolorum
526 1815 619 1866 nictu.
657 1806 696 1866 Et
721 1807 804 1867 inter
827 1805 955 1870 dolores
1031 1805 1802 1889 estunamordineturtemperantia,quiaetiem

162 1887 264 1948 animi
282 1885 473 1974 etpericule
491 1883 630 1946 maxime
652 1887 861 1948 timenturea
884 1904 957 1964 qum
1000 1823 1234 1947 belcctationes
1269 1883 1372 1948 metas
1401 1886 1540 1950 rneximd
1572 1888 1656 1950 iuter
1686 1896 1801 1955 cetera

162 1961 285 2028 duennt
300 1967 339 2028 ad
354 1969 505 2042 inertem,
525 1969 637 2028 contra
654 1982 726 2044 qum
742 1963 875 2026 tirmiter·
894 1969 957 2030 stat
1007 1963 1186 2042 impediunt
1211 1967 1329 2025 honum
1351 1965 1497 2028 rationis.
1525 1967 1560 2028 ld
1582 1973 1691 2030 autem
1734 1970 1800 2032 uod

163 2043 266 2107 sortis.
282 2042 371 2108 Unde
387 2043 538 2106 tortitudo
552 2049 601 2105 est
615 2044 716 2104 virtus
731 2043 914 2107 cardinalis.
1008 2043 1221 2106 essentialiter
1238 2041 1363 2118 dieitur,
1380 2044 1486 2123 potius
1500 2050 1549 2106 est
1566 2063 1604 2108 ee
1619 1987 1800 2125 quenbur-

204 2125 251 2186 hd
276 2125 414 2204 primurn
435 2142 511 2207 ergo
531 2121 699 2185 dicendum
719 2123 804 2200 qued
821 2123 955 2188 audacia
1008 2125 1062 2184 tur
1077 2121 1237 2198 ellectivd3
1254 2127 1285 2184 et
1300 2123 1362 2184 hoc
1374 2125 1471 2186 etiam
1483 2125 1650 2203 potiusest
1662 2143 1700 2188 ee
1713 2129 1801 2206 qnod

163 2205 194 2268 et
216 2205 347 2268 irenen
368 2205 582 2280 cooperantur
598 2202 774 2264 tortitudini
792 2203 832 2264 ad
849 2207 956 2266 netum
1007 2199 1123 2264 dieitur
1147 2199 1368 2268 conservative
1392 2200 1569 2266 seeundirm
1589 2208 1800 2272 remotionem

162 2283 303 2365 ejusqui
318 2289 366 2345 est
379 2284 549 2356 sustinere,
567 2283 600 2343 in
613 2299 678 2360 qno
694 2281 854 2360 praecipue
866 2301 956 2344 com-
1006 2281 1235 2360 impedimenti.

161 2363 333 2426 mendatur
361 2361 494 2424 firmitas
528 2360 619 2454 ejus3
658 2379 716 2441 per
749 2362 836 2422 huno
870 2362 955 2423 enim
1048 2361 1134 2424 Unde
1158 2362 1241 2424 inter
1259 2362 1392 2424 virtutes
1417 2361 1595 2427 cardinales
1623 2368 1671 2426 est
1693 2365 1802 2444 potior

162 2447 271 2506 aetum
286 2443 375 2503 tortis
391 2441 517 2502 'collibet
534 2448 691 2516 timorem,
706 2441 765 2518 ,qui
783 2444 830 2502 est
845 2443 954 2518 passio
1007 2441 1189 2518 prudentia,
1207 2439 1346 2504 secunda
1364 2441 1502 2521 justitia,
1523 2443 1615 2506 tertia
1634 2444 1798 2522 tortitudo,

161 2521 363 2663 prpnpipalis,
376 2525 523 2600 utsupra
537 2519 656 2582 dietum
670 2525 729 2594 est,
745 2519 812 2592 1-2,
829 2538 884 2598 qu.
903 2520 953 2595 25,
1006 2525 1123 2658 pnerta
1139 2520 1369 2598 temperantius
1391 2524 1422 2582 et
1438 2526 1510 2601 post
1524 2521 1582 2584 has
1596 2529 1717 2586 cetere
1732 2525 1801 2587 vir-

162 2619 224 2664 ar.
264 2648 270 2662 .
1022 2605 1101 2660 utos.

157 2757 162 2765 ,
203 2681 440 2744 sesecundum
457 2677 625 2742 dicendum
642 2674 728 2756 qubd
748 2677 849 2740 virtus
867 2678 956 2760 ordi·
1048 2679 1093 2738 ld
1111 2679 1251 2756 primum
1268 2697 1344 2758 ergo
1359 2677 1528 2740 dicendum
1548 2679 1632 2757 qubd
1657 2681 1801 2744 Ambro-

162 2768 260 2824 natnr
282 2761 323 2824 ad
344 2759 466 2822 bonum
489 2757 639 2832 rationis,
662 2757 747 2836 qnod
769 2759 955 2820 conservari
1008 2755 1075 2820 sius
1091 2756 1308 2820 fortitudinem
1322 2758 1395 2820 aliis
1413 2759 1584 2821 virtutihus
1600 2761 1737 2840 prefert,
1750 2779 1800 2825 se·
1872 2785 1881 2806 ·

163 2845 414 2922 oporteteontre
426 2839 584 2918 impulsus
601 2837 771 2899 malorum.
789 2837 954 2900 Fortitudo
1007 2834 1148 2899 eundum
1185 2839 1356 2917 quamdam
1390 2840 1573 2916 generalem
1610 2839 1799 2916 utilitatem,

162 2925 271 2984 autem
282 2919 451 2982 ordinatur
465 2917 506 2980 ad
518 2919 604 2984 mala
618 2935 673 2978 eor
697 2916 811 2989 oralia,
823 2917 954 2980 sicutad
1006 2923 1103 2996 prout
1119 2917 1240 2978 scilieet
1254 2923 1284 2978 et
1301 2918 1332 2976 in
1347 2918 1441 2978 rebus
1460 2918 1593 2991 bellicis,
1609 2925 1640 2980 et
1655 2921 1686 2978 in
1701 2923 1798 2984 rehus

163 3000 338 3076 contraria,
355 2999 473 3084 quihus
491 2997 627 3071 resistit3
651 2936 694 3058 ab)
712 2998 831 3058 honum
847 3001 955 3058 nutem
1007 2997 1167 3069 civilibus,
1183 2998 1250 3058 sive
1266 2997 1446 3058 domesticis
1459 2997 1544 3060 utilis
1556 3004 1614 3058 est.
1633 2999 1721 3062 Unde
1732 3000 1801 3078 ipse

162 3081 314 3155 rationis,
331 3080 414 3142 sieut
428 3077 468 3142 ad
483 3075 591 3152 finem,
608 3095 703 3156 quem
719 3076 854 3138 intendit
870 3093 956 3138 con-
1007 3075 1123 3136 ibidem
1139 3077 1299 3154 premittit
1315 3075 1366 3137 :N
1371 3095 1429 3136 orm
1441 3077 1476 3136 dr
1487 3077 1677 3155 fortitudine
1688 3087 1801 3140 trecte-

163 3177 306 3223 servare.
1006 3175 1083 3223 snus,
1099 3174 1165 3234 quie
1180 3157 1262 3217 octstt
1277 3155 1429 3216 excelsior
1445 3155 1581 3224 sceleris,
1598 3157 1754 3220 dividitur
1765 3161 1801 3220 t'n

203 3232 252 3302 hd
270 3241 399 3302 tertium
417 3235 585 3300 dicendum
602 3233 689 3315 qued
702 3235 851 3314 quamvis
868 3237 956 3312 peri·
1007 3253 1054 3295 res
1068 3234 1190 3311 bellicos
1206 3241 1233 3294 et
1249 3233 1442 3296 derrtestiees.

164 3319 237 3381 cula
249 3320 361 3380 mortis
377 3318 451 3384 rard
466 3316 665 3388 immineant,
683 3321 788 3377 tamen
809 3316 956 3376 occasio-
1047 3313 1095 3374 Ad
1108 3313 1283 3375 seeundum
1298 3313 1466 3374 dicendum
1479 3311 1566 3390 quod
1579 3315 1662 3375 ratio
1672 3316 1799 3381 virtutis

163 3413 221 3460 nes
244 3399 373 3460 illorum
421 3393 615 3460 crieulorum
637 3393 822 3472 frequenter
836 3411 956 3455 occur·
1007 3394 1109 3472 magis
1119 3393 1307 3454 coresistitin
1321 3393 1406 3451 hono
1417 3391 1696 3470 quamindillieili.
1712 3395 1801 3460 Unde

163 3481 250 3558 runt,
262 3475 338 3539 dirm
349 3417 601 3542 seibeethonini
614 3473 789 3536 adversarii
803 3475 954 3536 mortales
1008 3474 1108 3552 nugis
1125 3478 1171 3533 est
1186 3471 1401 3532 mensuranda
1416 3471 1737 3550 magnitudovirtutis
1751 3493 1800 3538 se·

163 3555 785 3636 suscitanturpropterjustitiam,quam
796 3555 954 3630 sequitur,
1007 3553 1147 3612 eundinn
1163 3552 1322 3612 rationem
1341 3549 1417 3611 honi
1436 3549 1536 3630 quam
1551 3550 1728 3614 secundrlm
1744 3571 1802 3618 ru·-

164 3644 195 3700 et
206 3637 303 3702 ctiam
316 3642 448 3718 propter
463 3637 528 3698 alia
543 3635 627 3696 hona
641 3651 713 3711 quae
728 3631 813 3694 iacit.
1008 3631 1128 3693 tionem
1139 3629 1286 3692 dilliciiis.

163 3719 346 3782 horremus
371 3734 429 3778 ιιιι.
443 3750 480 3760 -
496 3712 608 3776 Utrdrn
627 3711 782 3794 fortitudo
792 3711 956 3790 precellat
1049 3708 1094 3770 hd
1110 3713 1238 3771 tertium
1252 3707 1421 3770 dicendum
1439 3708 1526 3788 quod
1543 3709 1642 3774 homo
1656 3727 1721 3780 non
1737 3731 1803 3776 ex-

336 3797 532 3858 interemere
547 3792 625 3853 otios
640 3792 783 3852 virtutes.
1010 3791 1103 3872 ponit
1123 3807 1296 3868 personam
1320 3806 1412 3850 suam
1432 3789 1543 3852 mortis
1565 3791 1717 3868 periculis
1738 3793 1803 3856 nisi

205 3877 253 3944 hd
271 3871 494 3938 duodecimum
509 3873 555 3936 sie
567 3871 760 3950 proceditur.
777 3873 806 3932 1.
822 3872 957 3934 Videtur
1008 3876 1139 3949 propter
1154 3869 1311 3948 justitiam
1324 3868 1579 3930 conservandam
1590 3891 1596 3926 :
1607 3876 1638 3930 et
1648 3869 1718 3932 ided
1728 3871 1802 3938 lares

165 3955 252 4036 qnod
279 3952 429 4018 tortitudo
454 3953 614 4034 praecellat
638 3953 722 4012 inter
743 3967 853 4034 omnes
875 3953 956 4016 alias
1009 3949 1203 4011 l'ortitndinis
1224 3946 1380 4026 dependet
1396 3947 1634 4024 quodammodo
1648 3967 1688 4012 ex
1700 3949 1803 4030 justi-

165 4035 310 4098 virtutes.
325 4033 408 4098 llicit
421 4033 507 4096 enim
523 4032 711 4094 Ambrosius
723 4030 785 4091 int
801 4030 839 4092 dc
852 4030 955 4106 Ome,
1011 4027 1065 4098 tid.
1080 4029 1168 4092 Unde
1183 4027 1372 4090 Arirhrosius
1385 4027 1461 4091 dicit
1474 4027 1507 4089 in
1518 4029 1533 4090 l
1546 4027 1585 4090 de
1598 4027 1739 4102 Ollie.,c.
1751 4030 1802 4106 35,
1821 4055 1824 4060 ¹

165 4133 234 4194 cap.
255 4113 305 4192 35,
321 4115 355 4176 in
369 4115 471 4194 princ.
483 4133 491 4174 ι
504 4107 566 4174 Est
575 4109 731 4194 fortitudo
746 4110 829 4172 estut
841 4113 957 4174 ceteris
1009 4113 1084 4172 ante
1094 4109 1189 4185 med,
1201 4108 1287 4188 quod
1301 4105 1457 4189 fortitudo
1470 4108 1536 4168 sinc
1545 4106 1676 4187 justitiet
1686 4109 1804 4189 iniqui·

164 4195 328 4258 excelsior.
1011 4189 1085 4250 totis
1108 4199 1150 4250 est
1175 4187 1305 4249 erroterie
1327 4187 1415 4266 :pub
1439 4189 1520 4248 eninr
1541 4185 1678 4250 calidior
1696 4199 1749 4260 est,
1769 4190 1802 4252 ed

205 4273 236 4336 2.
254 4277 422 4346 Praeterea,
440 4273 539 4334 virtus
556 4275 604 4334 cst
617 4270 702 4334 circa
715 4269 841 4333 difficile
856 4276 888 4334 et
902 4273 958 4333 bo-
1006 4269 1187 4349 promptior
1204 4275 1239 4330 ut
1254 4267 1433 4348 inferiorem
1449 4266 1616 4345 opprimet.

166 4373 256 4416 num.
270 4353 330 4416 Sed
340 4348 491 4414 fortitudo
503 4352 646 4414 estciroa
658 4349 856 4418 difficillime.
872 4352 959 4432 Ergo
1050 4349 1209 4424 Quartum
1227 4347 1443 4410 concedimus.

167 4439 216 4497 est
227 4435 370 4499 maxima
384 4433 547 4495 virtutum.
1051 4427 1099 4489 Ad
1115 4429 1266 4507 quintum
1279 4425 1446 4488 dicendum
1457 4424 1543 4503 qudd
1551 4425 1726 4490 liberalitas
1742 4429 1805 4490 uti-

207 4513 237 4574 3.
258 4513 434 4585 Preterea,
455 4511 484 4572 di
509 4511 581 4570 nior
598 4513 647 4570 est
665 4527 804 4588 persona
818 4510 958 4572 hominis
1011 4509 1051 4571 lis
1078 4509 1179 4569 estin
1203 4506 1397 4586 quibusdam
1411 4504 1661 4582 particularibus
1677 4508 1806 4572 heneti·-

167 4593 267 4674 qudm
279 4613 330 4656 res
343 4592 423 4674 ejus.
441 4531 506 4654 Seb
515 4589 667 4653 tortitudo
685 4595 733 4650 est
747 4589 831 4651 circu
849 4608 959 4668 perso·
1013 4587 1088 4662 eiis;
1114 4587 1169 4649 sed
1192 4585 1342 4646 tortitudo
1364 4583 1462 4644 hahet
1482 4585 1653 4647 utilitatem
1671 4605 1807 4668 genere*

168 4677 243 4736 nam
259 4673 418 4745 hominis,
439 4688 537 4750 quarn
556 4667 674 4746 aliquis
689 4668 833 4746 periculo
850 4669 959 4732 mortis
1012 4669 1076 4730 lem
1084 4663 1124 4726 ad
1132 4665 1388 4728 conservandum
1398 4667 1499 4724 totum
1507 4664 1638 4743 justitiae
1648 4668 1805 4730 ordinem.

168 4753 303 4832 exponit
319 4755 451 4893 prepter
467 4752 586 4812 honum
599 4750 745 4820 virtutis3
759 4748 883 4826 justitia
899 4765 961 4810 eu-
1012 4747 1053 4808 Et
1072 4745 1143 4808 ided
1162 4743 1375 4833 Philosophus
1393 4743 1468 4804 dicit
1483 4743 1516 4804 in
1531 4745 1635 4817 libet,
1651 4765 1721 4825 cap.
1739 4749 1770 4822 e,
1786 4745 1807 4811 d

168 4837 233 4895 tem
251 4838 282 4895 et
300 4833 372 4896 aire
387 4831 520 4894 virtutes
534 4828 672 4906 morales
686 4835 761 4888 sunt
776 4827 861 4888 cirea
879 4829 959 4890 alias
1013 4827 1129 4906 prinu,
1145 4823 1231 4902 qubd
1246 4823 1329 4902 justi
1349 4831 1377 4884 ct
1393 4824 1489 4902 sortes
1502 4826 1636 4886 timesne*
1648 4835 1803 4892 amanter.

168 4931 221 4976 rcs
243 4911 432 4975 exteriores.
457 4911 542 4990 Ergo
563 4907 714 4969 tortitudo
734 4912 782 4968 est
800 4909 962 4986 praecipue
1014 4905 1170 4986 quiessent
1188 4902 1322 4964 irascerisne*
1334 4901 1470 4964 utibesin
1483 4902 1559 4965 bello
1573 4913 1601 4965 et
1613 4907 1647 4967 ie
1660 4925 1746 4985 poce.

168 4994 254 5054 inter
266 5009 379 5056 omnes
394 4991 528 5054 virtutes
543 4989 694 5050 morales.
1238 5003 1422 5076 QUAESTlo
1443 5001 1586 5066 cxxw.

210 5069 240 5132 ft.
255 5071 315 5134 Sed
330 5074 444 5134 contra
457 5073 506 5134 251
519 5062 605 5148 quod
621 5067 744 5128 Tullius
758 5065 833 5131 dicit
846 5066 962 5129 inlde
1054 5087 1102 5147 Dp
1127 5099 1303 5148 mmmm,
1321 5115 1359 5128 --
1374 5083 1436 5176 (In
1456 5084 1592 5164 quinque
1616 5085 1768 5148 articulos

168 5151 273 5227 offic,
291 5153 325 5212 in
343 5151 392 5212 tit.
409 5149 445 5212 de
457 5142 595 5230 Justitt'd
610 5168 619 5208 .·
635 5148 677 5208 In
687 5147 818 5227 justitiet
832 5147 961 5208 uirtutis

168 5229 318 5311 splendor
334 5239 377 5291 cst
389 5228 557 5298 mestrem,
569 5244 608 5288 ece
623 5227 762 5307 porsiri
780 5223 854 5287 berti
865 5227 963 5288 rrorru'·
1056 5265 1177 5328 Deinde

169 5319 300 5374 nautor.

211 5391 241 5451 5.
257 5383 427 5466 Pnoeterea,
441 5385 654 5464 Philosophus
665 5381 740 5458 dicit
750 5385 807 5445 inl
820 5385 963 5460 Rhetom,

170 5489 242 5550 cap.
256 5471 304 5544 19,
318 5469 433 5550 pariam
447 5467 467 5534 1
480 5465 583 5548 princ.
598 5464 744 5528 :Necesse
759 5472 802 5523 cst
814 5465 965 5526 recuteret

171 5572 232 5614 esse
246 5551 456 5630 virtutesque
470 5544 604 5610 mosirnd
615 5545 686 5607 otiis
700 5545 791 5606 'utiles
807 5553 891 5605 sunt.
907 5543 966 5604 Sed

171 5630 349 5694 liberalitas
367 5629 490 5694 ridetur
512 5627 614 5708 magis
638 5625 725 5686 utilis
748 5621 847 5702 quum
871 5624 967 5684 lorti-

173 5712 262 5773 tndo.
281 5711 362 5788 Ergo
378 5715 426 5772 est
441 5709 544 5788 major
558 5709 669 5771 virtus.

215 5792 404 5872 llespondeo
430 5789 598 5852 dicendum
617 5785 720 5868 qubd,
748 5787 829 5845 sicut
852 5788 969 5862 ,trigu-

177 5873 281 5934 stines
304 5873 379 5934 dicit
399 5871 432 5933 in
457 5871 476 5931 o
497 5870 534 5932 de
556 5871 658 5940 'l'rin.,
680 5884 750 5944 cap.
770 5864 801 5940 8,
817 5863 970 5943 pariunt

174 5951 338 6034 priuc.‚t'a
350 5949 397 6016 bis
415 5969 480 6034 pute
493 5968 557 6012 nou
573 5951 649 6010 tresde
664 5949 775 6028 ricopud
789 5957 872 6020 sttui,
890 5945 966 6008 tene
1062 5953 1100 6026 (l)
1121 5951 1216 6018 hicet,
1233 5949 1336 6021 fructus

1354 5163 1488 5244 droise.)

1200 5263 1469 5328 considerandum
1496 5269 1543 5327 est
1566 5265 1604 5328 de
1626 5267 1807 5348 martyrio:

1018 5349 1049 5411 et
1069 5347 1155 5409 eirea
1177 5345 1238 5405 hoe
1260 5351 1451 5422 queruntur
1469 5347 1636 5423 quinque:
1652 5345 1682 5405 1·
1699 5343 1809 5410 utrum

1018 5426 1208 5504 martyrium
1223 5425 1264 5484 sit
1278 5430 1367 5485 aetus
1382 5425 1509 5486 virtutis
1523 5445 1530 5495 ;
1550 5424 1581 5482 2
1596 5425 1687 5504 cnjus
1707 5426 1811 5487 virtu-

1019 5510 1058 5568 tis
1075 5509 1112 5566 sit
1131 5511 1239 5578 actum
1258 5504 1288 5563 3⁰
1307 5504 1344 5562 de
1365 5503 1560 5583 pellectione
1581 5504 1677 5586 hujus
1699 5504 1809 5581 acltis3

1020 5587 1049 5647 b⁰
1065 5589 1102 5647 de
1118 5585 1211 5664 prend
1227 5584 1370 5662 inartyrii
1382 5606 1390 5656 3
1403 5581 1432 5642 5⁰
1450 5583 1485 5642 de
1502 5583 1610 5644 causei.
1804 5596 1809 5605 ’
1836 5642 1838 5646 ,

1040 5671 1220 5728 Λιιιιουιυε
1241 5682 1418 5723 neruus-
1433 5661 1794 5745 bn··t1nntorrprtomsir
1833 5659 1836 5664 ’

1292 5751 1378 5803 {restris
1391 5743 1531 5802 curtulis.

1063 5827 1108 5887 hd
1123 5827 1262 5906 prinnnn
1278 5824 1323 5884 sie
1337 5821 1529 5901 proceditur.
1541 5824 1568 5884 l.
1581 5823 1713 5888 Videtur
1726 5825 1814 5905 qudd
