4120 6338
213 347 270 408 ιιι
439 307 442 314 ’
767 338 904 410 aanor,
927 339 1017 400 xcix.
1035 341 1077 398 ee
1093 339 1303 400 secaveram
1720 326 1722 334 '
1803 351 1856 410 75⁸

215 461 362 528 tudinem
375 455 573 538 sacrifepiam
585 453 713 520 dicitnr.
1063 456 1157 536 quasi
1175 460 1340 522 contram
1363 477 1413 522 em
1426 445 1545 542 agens3
1566 459 1723 534 itaetiam
1740 465 1854 545 siquis

202 577 207 582 -
257 533 814 614 Ausecundumdicendumqubdpo
837 534 1007 630 ulnuschri·
1062 475 1404 612 reassumenda,
1426 559 1468 603 ex
1490 539 1553 604 boc
1572 541 1644 620 ipso
1666 547 1855 608 contrahet

215 623 344 688 stisnus
360 637 418 699 per
433 618 526 682 fidem
541 622 572 680 et
586 620 788 680 sacramenta
828 615 919 678 brusts
934 632 1009 678 san·
1062 619 1277 682 reverentiam
1291 620 1377 699 agit3
1393 624 1425 682 et
1441 619 1487 684 sic
1503 639 1561 702 per
1582 623 1855 706 irreligiositatem

214 701 372 766 uiuamus
385 702 445 774 est,
460 693 635 762 seeunddm
646 693 724 758 illud
739 695 755 756 1
769 694 809 758 ad
819 693 892 758 Cor.
904 693 935 768 6,
948 694 1004 757 11:
1061 701 1183 778 peccat.

212 782 277 846 Sed
296 779 399 846 abiisti.
415 779 504 847 estis.
518 777 571 840 sed
585 775 774 858 sanctificati
788 775 870 836 estis.
888 775 926 836 ut
937 775 1008 838 ideb
1102 776 1148 838 Ad
1161 777 1300 856 primum
1314 795 1391 874 ergo
1407 777 1575 844 dicendum
1588 781 1674 876 qubd
1685 783 1733 846 illi
1743 785 1859 848 dicuno

214 861 326 922 1Petri
341 859 372 932 2,
388 859 419 932 9,
432 858 573 920 dieitur:
594 857 656 920 Vas
671 855 744 918 estis
756 872 851 936 penas
867 853 1005 926 electam,
1060 858 1116 917 tur
1136 856 1340 938 sacrilegium
1358 877 1391 920 ιιι
1413 859 1530 924 divinae
1550 862 1629 942 legra
1652 865 1855 929 sanctitatem

215 940 320 1020 repnte
336 938 555 1008 sacerdotium,
593 944 777 1004 cassaneto,
788 935 933 1028 populas
952 954 1008 998 ae·
1062 937 1258 1000 committere
1302 939 1335 999 ui
1350 939 1454 1020 legem
1468 941 1526 1002 Ilei
1541 941 1747 1024 impugnant,
1772 945 1855 1007 sicut

165 1035 167 1038 ·
212 1017 540 1102 praeterlambere
554 954 591 1078 vd
597 1015 682 1096 quod
694 1014 731 1110 111Ι
740 1015 774 1077 in
786 1013 938 1108 rn'uriam
952 1033 1008 1094 po·
1060 1011 1201 1078 haretici
1223 1019 1254 1078 et
1271 957 1461 1098 idaspbemi,
1478 1021 1589 1102 quiex
1610 1023 1671 1084 boo
1686 1023 1772 1103 qubd
1786 1024 1854 1102 Dee

212 1101 283 1242 guli
296 1097 476 1171 christiani,
490 1098 612 1160 scilvcet
625 1095 712 1176 quea
723 1093 818 1156 infide
833 1113 866 1158 es
882 1112 911 1156 ιι
927 1113 1007 1174 prm-
1060 1109 1126 1158 non
1150 1097 1496 1170 credunt,‘incurrunt
1518 1099 1714 1165 infidelitatis
1737 1119 1856 1183 pecca-

237 1179 384 1253 ciantur,
407 1179 546 1258 pertinet
572 1176 613 1240 ad
636 1176 879 1238 irreverentiam
907 1193 1006 1238 sacrae
1059 1178 1145 1250 tum;
1167 1191 1208 1238 ιιι
1231 1176 1292 1238 hoc
1315 1177 1394 1241 verb
1414 1180 1501 1258 quod
1519 1179 1636 1244 divina
1654 1183 1735 1262 legis
1753 1185 1854 1247 verba

211 1259 272 1322 rei.
288 1259 377 1322 Unde
390 1257 627 1322 rationabiliter
638 1253 837 1334 saeritepiam
850 1254 977 1316 dicitnr.
1059 1258 1259 1334 pervertunt,
1273 1257 1477 1338 sacrilegium
1490 1259 1671 1322 incurrunt.

253 1331 1006 1414 adterttnmuieenaumqubuviolaaehlelarge
1100 1333 1148 1396 Ad
1162 1337 1338 1398 seeundum
1352 1337 1520 1400 dicendum
1537 1341 1622 1418 quod
1639 1342 1719 1402 nibil
1735 1341 1854 1420 prohi-

211 1417 330 1482 dicitnr
342 1433 554 1512 quecumque
569 1415 779 1478 irreverentia
792 1415 845 1476 vel
856 1413 1007 1476 exhono-
1059 1413 1112 1479 bet
1124 1431 1223 1476 unam
1236 1415 1407 1494 specialem
1421 1417 1579 1481 rationem
1592 1421 1714 1499 peccati
1730 1423 1762 1482 in
1776 1422 1853 1500 plu-

210 1499 308 1563 ratio.
326 1497 413 1562 Sicut
430 1499 539 1562 autem
559 1496 664 1558 honor
683 1499 731 1556 est
750 1493 784 1556 in
803 1493 1004 1570 honorante,
1059 1495 1148 1556 ribus
1165 1499 1370 1574 peccatorum
1382 1497 1554 1578 generibus
1570 1499 1721 1574 inveniri,
1736 1516 1851 1564 secun-

211 1595 278 1640 non
296 1581 403 1641 autem
418 1578 451 1638 in
465 1593 504 1638 eo
519 1576 575 1654 qui
593 1573 1005 1648 bonoratur,utdieiturin
1058 1571 1135 1636 dnm
1158 1574 1243 1654 qubd
1267 1575 1393 1639 diversa
1418 1583 1551 1658 peccata
1572 1579 1612 1641 nd
1634 1579 1730 1642 tinem
1752 1580 1851 1642 nnius

210 1657 360 1731 aarum,
377 1674 448 1736 cap.
460 1655 490 1730 5,
505 1656 550 1717 ita
567 1657 663 1718 etiam
680 1653 891 1716 irreverentia
911 1655 958 1716 est
970 1653 1005 1714 1ιι
1058 1655 1178 1734 peccati
1195 1653 1397 1732 ordinantur,
1412 1662 1510 1736 prout
1521 1658 1617 1720 etiam
1630 1659 1663 1719 in
1677 1658 1851 1722 virtutibus

209 1732 1004 1880 tlalllllttttlttllittei-calalath?
1057 1735 1853 1896 lllltttlllttllttttlttl'ltllllfdt

209 1893 374 1970 Quantam
389 1913 467 1977 ergo
480 1900 528 1958 est
542 1895 575 1956 in
589 1895 598 1954 i
622 1911 659 1956 so
673 1911 741 1956 rem
753 1908 880 1956 sacram
893 1890 1002 1968 violat,
1057 1889 1154 1956 faeiat
1168 1897 1281 1958 contra
1297 1896 1513 1958 reverentiam
1528 1897 1668 1959 debitam
1681 1837 1852 1960 sacrisqre-

208 1974 284 2038 licet
299 1977 356 2039 illa
367 1977 402 2038 in
417 1995 451 2040 so
467 1993 531 2038 non
548 1913 697 2036 viofetur.
862 2051 868 2064 ι
1057 1972 1136 2046 bus,
1152 1975 1356 2054 sacrilegium
1374 1974 1551 2040 formaliter
1570 1976 1765 2050 committit3.
1777 1975 1851 2040 licat

209 2056 392 2120 laricanus
405 2075 441 2118 ιι.
452 2089 492 2102 -
504 2057 531 2120 tl
535 2052 619 2116 triam
629 2051 827 2194 saelriteaiam
840 2059 883 2116 sat
891 2069 1004 2133 pccca-
1055 2053 1266 2118 materialiter
1281 2053 1346 2117 sint
1363 2055 1406 2118 ibi
1423 2055 1550 2120 diversa
1568 2073 1688 2140 genera
1701 2059 1842 2136 peceato

496 2143 587 2198 tama
612 2151 676 2196 ecta
691 2153 716 2194 e.
1055 2147 1141 2196 rum.

249 2217 297 2280 Ad
323 2216 500 2280 secundnm
524 2215 570 2278 sie
584 2151 785 2294 {receditur
813 2212 841 2275 1.
869 2211 1004 2274 Videtur
1096 2213 1143 2274 Ad
1158 2211 1468 2276 tertiumdicendum
1483 2212 1852 2297 qubdsacrileginmin-

209 2296 297 2376 qued
310 2296 516 2378 sacrilegium
535 2311 601 2355 non
616 2295 658 2356 sit
670 2295 837 2372 peccatum
851 2291 1001 2369 speciale.
1054 2290 1180 2356 terddm
1196 2293 1550 2374 inveniturseparatum
1564 2296 1604 2360 ab
1615 2296 1687 2358 aliis
1697 2295 1849 2375 peccatis,

209 2375 334 2440 Dicitur
350 2377 437 2440 enim
452 2375 502 2448 17,
517 2378 630 2453 quaest.
647 2371 678 2447 b,
696 2371 730 2434 in
745 2371 882 2450 append.
900 2369 1001 2446 Grat,
1057 2370 1095 2432 ab
1109 2371 1194 2450 quod
1207 2377 1297 2436 actus
1309 2391 1373 2434 uon
1386 2374 1482 2435 habet
1494 2375 1590 2437 aliam
1604 2373 1849 2449 deformitatem,

209 2455 251 2519 ad
266 2473 337 2536 oap.
353 2454 474 2550 Siquis
488 2455 636 2516 stradeate
651 2473 662 2514 .·
676 2451 700 2516 C
706 2451 885 2514 ammittant
897 2451 1005 2512 suert-
1058 2451 1120 2512 nisi
1135 2451 1212 2531 quia
1226 2469 1278 2514 res
1293 2468 1386 2516 saera
1400 2453 1541 2516 violatur
1557 2453 1600 2538 (1)
1614 2475 1622 2528 ;
1640 2453 1719 2535 puta
1734 2455 1761 2516 si
1776 2455 1849 2533 quis

209 2534 323 2616 isaiam
336 2535 390 2616 pai
404 2553 439 2598 sa
453 2534 567 2600 diotae
577 2535 654 2612 lepis
668 2532 866 2594 sanctitatem
877 2536 932 2590 aut
947 2548 1005 2590 ae·-
1053 2528 1153 2614 judex
1168 2531 1274 2610 cupiat
1286 2532 1427 2612 aliquem
1439 2533 1478 2594 de
1492 2534 1564 2596 loco
1577 2549 1689 2610 sacro,
1704 2551 1802 2616 quem
1815 2533 1850 2596 in

209 2615 336 2676 sciendo
351 2614 559 2684 committant,
572 2621 627 2674 aut
641 2609 828 2691 sepimenta
839 2609 961 2674 stolam
975 2615 1004 2670 et
1056 2609 1128 2674 aliis
1144 2611 1222 2672 locis
1239 2609 1324 2674 licitd
1342 2631 1456 2692 capere
1470 2617 1590 2692 posset.

210 2693 386 2776 offendant.
407 2693 468 2756 Sed
486 2693 548 2755 hoc
567 2691 602 2753 fit
622 2707 793 2771 peremne
811 2693 1002 2769 peccatum:
1056 2689 1238 2754 Anrvoueus
1254 2708 1301 2752 ιιι.
1318 2727 1356 2737 -
1370 2689 1483 2754 Utrrtm
1495 2692 1610 2772 species
1622 2691 1783 2772 sacriiepii
1793 2691 1851 2754 dis·

210 2779 460 2854 nampeecatum
470 2773 656 2842 sstdictum,
668 2770 716 2834 aet
730 2769 917 2851 factumest
931 2786 1005 2830 caa-
1098 2771 1289 2850 tiapuautar
1303 2769 1470 2833 seeuaddm
1490 2789 1540 2834 res
1560 2789 1677 2836 sacras.
1693 2805 1733 2818 -
1749 2771 1848 2854 (lap,

211 2853 352 2933 cupitam
367 2861 478 2916 coatras
492 2852 585 2933 tapam
598 2851 667 2921 Dei,
685 2853 721 2912 ut
735 2850 936 2930 Augustinus
949 2848 1005 2909 di-
1117 2855 1204 2911 eaest.
1222 2847 1291 2928 1at,
1306 2859 1368 2912 art.
1384 2851 1433 2928 ao,
1453 2851 1493 2913 ad
1506 2852 1551 2934 3.)

210 2934 421 2997 eitaaaontra
428 2933 597 3006 Faustum,
610 2947 682 3010 cap.
695 2929 747 3004 27,
759 2929 793 2992 in
803 2930 907 3009 princ.
918 2929 1004 3012 Ergo
1096 2867 1144 2992 dd
1158 2930 1286 2992 tertium
1302 2931 1348 2993 sic
1362 2933 1555 3010 proceditur.
1572 2932 1602 2994 1.
1617 2931 1751 2996 Videtur
1764 2929 1852 3010 quau

210 3014 416 3093 sacrilegium
430 3016 479 3076 est
494 3011 644 3092 generale
656 3014 834 3090 peccatum.
1058 3009 1181 3152 species
1197 3011 1356 3090 sacrilegii
1379 3029 1445 3072 non
1467 3011 1709 3092 distinguantur
1728 3027 1852 3073 secun-

250 3089 1006 3170 2.Prreterea,nuliumspecialepocoatumeon·
1057 3088 1077 3151 d
1103 3108 1133 3150 m
1155 3107 1208 3152 res
1230 3107 1351 3152 sacras.
1372 3091 1548 3155 Materialis
1572 3093 1658 3154 enim
1680 3091 1850 3154 diversitas

210 3173 332 3236 tinetur
352 3175 414 3236 snb
437 3171 571 3235 diversis
612 3171 763 3234 oneribus
786 3171 1002 3247 peccatorum.
1058 3187 1124 3230 non
1145 3169 1342 3232 diversificat
1362 3172 1518 3250 speciem,
1540 3173 1566 3234 si
1585 3173 1626 3234 sit
1641 3171 1751 3234 eadem
1768 3169 1851 3232 ratio

211 3253 271 3314 Sed
286 3250 490 3331 sacrilegium
508 3251 568 3312 sub
585 3189 719 3313 diversis
740 3249 1006 3340 generibnstpec-
1058 3247 1214 3312 formalis.
1237 3249 1296 3310 Sed
1314 3249 1349 3326 *in
1372 3250 1548 3316 violatione
1571 3267 1852 3330 quarumcumque

211 3335 358 3396 catorum
374 3331 577 3400 continetur,
599 3327 678 3408 puta
693 3329 755 3392 snb
772 3327 962 3400 homicidio,
978 3327 1004 3389 si
1058 3346 1168 3390 rerum
1192 3343 1359 3390 sacrarum
1384 3329 1512 3392 videtur
1537 3349 1608 3392 esse
1632 3329 1742 3392 eadem
1767 3329 1851 3389 ratio

211 3411 493 3491 quissacerdotem
505 3410 645 3483 occidat;
662 3410 723 3472 sub
737 3403 881 3478 luxuria,
894 3405 1004 3484 siquis
1058 3405 1202 3470 formalis
1218 3409 1357 3486 peccati,
1379 3412 1409 3469 ct
1423 3409 1508 3488 quod
1530 3427 1596 3471 non
1618 3409 1659 3471 sit
1679 3408 1852 3482 diversitas

213 3492 242 3554 vi
283 3492 368 3554 inem
390 3495 550 3555 sacratam
565 3490 683 3560 violet,
698 3487 751 3550 vel
766 3503 1006 3564 quamcumque
1059 3487 1419 3568 nisimaterialis.Ergo
1441 3505 1499 3582 per
1519 3487 1581 3551 hoa
1600 3505 1666 3550 non
1687 3487 1852 3552 diversifi-

210 3590 243 3634 m
278 3565 1006 3645 iereminlocosacr03subfurto‚siquisrem
1059 3575 1175 3629 cantur
1188 3567 1349 3646 sacrilegii
1364 3586 1498 3648 species.

212 3667 338 3716 sacram
352 3651 477 3714 furatus
497 3649 604 3712 fuerit.
619 3649 706 3728 Ergo
719 3645 924 3726 sacrilegium
939 3661 1006 3706 non
1097 3645 1128 3706 2.
1157 3647 1331 3720 Praeterea,
1360 3665 1425 3708 non
1449 3646 1576 3710 videtur
1602 3665 1673 3709 esse
1698 3646 1851 3728 possibile

210 3735 259 3794 est
274 3731 413 3810 speciale
424 3733 603 3810 peccatum.
1081 3725 1143 3788 ubd
1158 3725 1268 3804 aliqua
1282 3725 1346 3788 sint
1359 3725 1501 3807 ejusdem
1516 3727 1646 3809 speclei,
1659 3731 1691 3791 et
1705 3745 1777 3788 eum
1790 3725 1852 3787 hoo

250 3812 281 3872 3.
294 3813 462 3882 Praeterea,
476 3827 572 3872 omne
585 3807 725 3886 speciale
735 3809 904 3886 peccatum
917 3804 1006 3898 inve·
1058 3743 1207 3868 differant
1221 3805 1339 3884 specie.
1359 3805 1418 3868 Sed
1441 3807 1658 3884 homicidium,
1672 3811 1704 3870 et
1718 3806 1849 3878 furtum,

211 3891 301 3952 nitur
311 3891 497 3954 distinctum
511 3891 553 3952 ab
567 3889 637 3950 aliis
651 3885 790 3966 peccatis
802 3907 810 3958 ;
824 3888 860 3948 ut
872 3883 909 3945 de
921 3899 1006 3962 rnJu-
1058 3889 1090 3948 et
1105 3885 1235 3948 illicitus
1252 3886 1461 3962 concubitus,
1481 3891 1556 3950 sunt
1572 3887 1706 3950 diversas
1727 3885 1849 3965 species

210 3969 299 4034 stitia
317 3971 449 4050 speciali
467 3968 682 4046 Philosophus
701 3965 777 4027 dicit
794 3965 828 4026 in
848 3962 868 4024 5
886 3963 1003 4035 Elaia„
1058 3969 1275 4046 peccatorum.
1294 3965 1336 4026 Er
1360 3985 1457 4028 onon
1471 3971 1608 4046 possunt
1627 3965 1800 4030 convenire
1818 3965 1851 4026 in

211 4066 282 4130 cap.
297 4052 346 4113 11.
362 4050 422 4112 Sed
432 4049 638 4128 sacrilegium
648 4063 713 4110 nnn
726 4044 852 4108 videtur
867 4043 1005 4134 inveniri
1057 4043 1125 4110 und
1138 4045 1244 4124 specie
1257 3985 1417 4126 surridegii
1432 4067 1439 4106 :
1457 4052 1488 4108 et
1501 4049 1544 4110 ita
1559 4047 1685 4110 videtur
1697 4044 1783 4125 qued
1796 4059 1851 4106 sa-

210 4131 335 4210 absque
345 4130 417 4192 aliis
429 4128 580 4208 peccatis,
593 4127 647 4190 sed
661 4124 857 4206 quandoque
869 4141 1005 4202 conjun-
1058 4125 1181 4206 crilegii
1203 4125 1325 4205 species
1347 4126 1589 4206 distinguantur
1607 4123 1784 4188 secundam
1799 4122 1851 4184 di-

211 4210 298 4290 gitur
312 4209 409 4284 furto,
425 4207 622 4287 quandoque
636 4205 820 4278 homicidio,
836 4207 872 4264 ut
886 4203 1005 4265 dictum
1057 4221 1168 4270 versas
1189 4205 1311 4285 species
1332 4207 1470 4268 aliorum
1488 4211 1713 4286 peccatorum,
1732 4207 1764 4266 et
1784 4219 1850 4268 non

210 4295 260 4352 est
280 4291 314 4352 in
331 4306 401 4370 arg.
417 4305 513 4369 prae.
529 4288 600 4350 Non
617 4303 695 4366 ergo
708 4288 757 4348 est
770 4283 909 4362 speciale
924 4300 1006 4361 pec·
1057 4282 1233 4348 sccunddm
1250 4284 1465 4348 diversitatem
1478 4303 1587 4347 rerum
1602 4301 1779 4346 sacrarum.

210 4374 329 4434 catum.
1097 4363 1126 4424 3.
1143 4365 1311 4439 Praeterea,
1328 4366 1475 4426 inferres
1491 4381 1599 4426 sacras
1613 4379 1850 4426 connumeran-

251 4448 311 4512 Sed
322 4451 434 4512 contra
446 4451 505 4520 est,
518 4445 605 4527 quod
615 4444 791 4524 opponitur
803 4440 934 4521 speciali
946 4441 1005 4504 vir·
1057 4445 1215 4506 turetiam
1230 4461 1376 4522 personae
1390 4461 1498 4506 sacrae.
1514 4444 1546 4504 Si
1561 4461 1637 4524 ergo
1649 4460 1716 4506 una
1727 4441 1849 4520 species

210 4529 286 4602 tuti,
305 4533 353 4591 est
367 4527 504 4608 speciale
519 4529 706 4604 peccatum3
724 4523 779 4586 sed
797 4520 1002 4600 sacrilegium
1057 4523 1217 4602 sacrilegii
1235 4528 1319 4584 essct
1340 4521 1406 4600 qud
1422 4522 1563 4584 violatur
1579 4539 1720 4604 persona
1737 4537 1847 4595 sacra,

210 4609 385 4688 opponitur
406 4607 539 4686 speciali
557 4603 683 4674 virtuti,
700 4603 820 4664 scilieet
836 4599 1003 4692 religioni,
1057 4605 1248 4680 sequeretur
1262 4601 1347 4680 qubd
1368 4619 1462 4663 omne
1481 4607 1648 4682 peceatum
1663 4601 1749 4681 quod
1769 4618 1849 4681 per-

209 4687 250 4750 ad
267 4704 365 4767 quam
383 4687 521 4766 pertinet
539 4683 683 4746 revereri
700 4683 803 4744 Deum
826 4683 858 4742 et
883 4678 1002 4742 devina.
1057 4697 1138 4744 sona
1161 4697 1255 4745 sacra
1279 4683 1490 4742 committeret
1516 4686 1600 4744 esset
1623 4680 1847 4762 sacrilegium,

208 4767 295 4846 Ergo
308 4767 512 4847 sacrilegium
529 4765 578 4826 est
594 4761 732 4840 speciale
746 4762 924 4837 peccatum.
1056 4761 1134 4844 quia
1158 4778 1215 4838 per
1236 4758 1401 4840 quodlibet
1419 4766 1585 4840 peccatum
1607 4763 1748 4826 violatur
1768 4776 1849 4840 per-

249 4837 1005 4928 ltespondeodicendumqubdubicumqueinvc·
1057 4855 1138 4902 sona
1154 4840 1328 4918 peccantis.
1349 4841 1420 4901 Non
1444 4857 1521 4922 ergo
1541 4842 1663 4921 species
1688 4839 1848 4920 sacrilegii

209 4927 299 4988 nitar
309 4927 457 5006 specialis
467 4925 550 4986 ratio
564 4919 791 4992 deformitatis,
805 4917 847 4980 ibi
860 4935 919 4978 nec
932 4935 1003 5008 esse
1056 4920 1259 4997 accipiuntur
1273 4915 1447 4982 secundam
1461 4937 1512 4982 res
1528 4937 1648 4984 sacras,

209 5007 296 5086 quod
326 5008 367 5068 sit
390 5004 529 5085 speciale
559 5003 726 5080 peceatum
747 5019 754 5058 ε
776 4997 854 5077 quia
880 5014 1002 5074 spectes
1096 4999 1154 5059 Sed
1170 4997 1849 5078 contraestqubdaetusetbabitusdistiu-

209 5085 382 5165 cujuslibet
396 5087 444 5147 rei
459 5079 619 5161 praecipue
633 5077 808 5142 attenditur
825 5072 1003 5140 secunddm
1056 5081 1201 5158 guantur
1213 5077 1389 5142 secundnm
1403 5079 1540 5159 objecta.
1557 5079 1617 5142 Sed
1632 5097 1682 5142 res
1694 5094 1786 5140 sacra
1800 5081 1848 5140 est

209 5167 369 5228 rationem
381 5163 548 5237 formalem
560 5161 675 5239 ipsius,
687 5175 753 5220 non
768 5161 877 5221 autem
888 5170 1003 5217 secun·
1056 5155 1217 5236 objectum
1231 5159 1408 5240 sacrilegii,
1424 5165 1460 5220 ut
1476 5159 1593 5221 dietum
1607 5163 1655 5221 est
1667 5163 1728 5220 art.
1745 5158 1760 5218 f
1777 5156 1845 5236 huj.

209 5242 286 5306 dhm
305 5244 491 5318 materiam,
508 5241 560 5302 vel
574 5239 764 5332 subjeetum.
780 5237 817 5300 ln
833 5233 1002 5327 sacrilegio
1055 5240 1170 5316 quaest.
1186 5237 1271 5318 Ergo
1291 5241 1412 5320 species
1431 5239 1590 5320 sacrilegii
1605 5238 1848 5318 distinguuntur

209 5328 319 5387 antem
332 5323 498 5386 invenitur
510 5319 658 5398 specialis
673 5317 759 5380 ratio
771 5315 1000 5388 deformitatis,
1056 5314 1232 5380 secundum
1244 5316 1455 5382 differentiam
1470 5336 1579 5380 rernm
1596 5335 1774 5379 sacrarum.

209 5401 276 5482 qud
292 5404 413 5466 scilicet
433 5400 574 5466 violatur
593 5415 645 5460 res
669 5413 761 5460 sacra
784 5413 842 5474 per
858 5393 1001 5471 aliquam
1094 5396 1283 5475 Respondeo
1306 5398 1473 5461 dicendum
1498 5397 1605 5478 quod,
1623 5397 1705 5459 sicut
1727 5395 1847 5458 dictum

209 5475 999 5554 irreverentiam.Etidebestspeeialepeccatum,
1055 5479 1104 5538 est
1141 5475 1230 5550 ibid,
1258 5483 1424 5556 peccatum
1459 5477 1619 5558 sacrilegii
1633 5476 1666 5538 in
1684 5477 1745 5540 hoe
1762 5493 1848 5537 con-

134 5597 138 5604 ·
210 5565 241 5622 et
256 5563 431 5642 opponitur
443 5557 603 5640 religioni.
854 5632 859 5644 Ι
1055 5555 1140 5617 sistit
1159 5555 1244 5634 qudd
1265 5557 1382 5636 aliquis
1405 5559 1620 5620 irreverenter
1640 5575 1675 5620 se
1696 5552 1847 5618 habetad

252 5641 341 5704 Sicut
357 5641 443 5704 enim
455 5641 675 5703 Damaseeuus
694 5633 770 5695 dicit
788 5633 820 5694 in
838 5631 895 5693 bb.
911 5629 931 5691 d
945 5647 1002 5693 or-
1054 5652 1123 5697 rem
1143 5653 1280 5698 sacram.
1297 5637 1438 5698 Debetur
1459 5642 1567 5699 autem
1592 5635 1774 5699 reverentia
1798 5631 1847 5694 rei

213 5721 301 5786 thnd.
316 5721 399 5796 lla,
411 5739 481 5800 cap.
493 5719 523 5796 3,
537 5719 624 5782 ι1ιιι
634 5713 730 5787 med,
737 5729 883 5802 purpura
898 5710 1002 5790 repalc
1055 5731 1155 5780 sacrae
1169 5717 1293 5780 ratione
1314 5716 1505 5783 sanctitatis.
1524 5717 1564 5782 Et
1583 5716 1655 5783 ideb
1669 5710 1847 5782 semmam

213 5799 428 5866 indumentum
445 5801 530 5878 [acta
543 5797 720 5860 bonoratur
738 5799 766 5853 ct
782 5791 1001 5874 ptorsficatam

212 5881 240 5940 et
251 5872 285 5942 ‘a'
297 5873 456 5958 patebant
467 5875 688 5956 perforaverit,
703 5883 803 5962 marte
814 5871 997 5942 maeatas,
1092 5875 1131 5950 tt)
1150 5877 1204 5948 Al,
1216 5877 1340 5938 adeatur.
