4070 6338
175 351 240 410 tell
384 346 518 416 edAEs't.
538 347 700 408 elixati.
722 351 767 408 ez
785 351 839 410 ills
855 351 891 410 m
907 353 1032 424 alimus
1050 353 1220 413 cubabam
1241 355 1430 414 nesterotis
1447 355 1590 415 STATUS.
1723 359 1794 418 tels

212 469 398 534 Sedeontra
418 481 467 534 est
486 472 570 550 quod
588 472 761 552 Gregorius
782 471 959 538 ilicitanae
1050 475 1097 538 Ad
1118 478 1246 540 tertium
1272 477 1542 558 dicendumqubd
1564 497 1603 559 pa
1668 483 1701 544 in
1723 488 1797 544 rete

171 549 388 642 Moralqueap.
405 551 453 624 te,
473 553 556 614 eirca
573 554 674 630 prino.
694 573 700 610 :
718 550 899 616 Obedimtie
913 555 958 616 ri·
1010 557 1196 620 obedientia
1214 575 1277 618 non
1300 563 1402 636 petest
1416 561 1461 622 sie
1482 578 1555 620 cum
1568 580 1601 622 re
1617 558 1719 640 igiose
1733 561 1796 622 dis-

173 631 273 722 rtimts
294 648 368 711 gere
392 634 609 716 preponitur,
637 633 710 724 quie
730 649 788 712 per
818 633 959 694 victimae
1010 653 1167 727 pessare,
1191 639 1226 698 ut
1247 639 1327 698 nulli
1349 639 1480 716 praelato
1501 642 1650 702 teneatur
1667 636 1796 704 obedire

171 709 274 770 alima
302 727 393 778 rere,
415 728 471 790 per
497 711 791 772 obedientiarium
816 710 958 774 veientes
1009 731 1043 774 ιιι
1059 715 1108 778 his
1127 733 1199 807 quse
1218 717 1257 780 ad
1275 717 1498 795 perfectionem
1523 719 1595 782 vitae
1615 719 1796 798 pertinent,

166 789 301 868 proprie
323 797 488 852 mactatur.
511 789 569 852 Sed
595 794 666 852 vota
694 789 856 868 religionis
885 796 959 853 sunt
1009 810 1172 856 nonenim
1188 799 1378 874 petesteum
1403 793 1422 860 a
1443 797 1501 860 sud
1517 795 1696 860 obedientie
1719 799 1796 860 exi-

170 868 317 946 quaedam
330 868 534 942 holocausta,
553 869 635 930 sicut
649 885 746 944 supra
760 871 876 930 dictum
890 876 957 946 est,
1008 890 1114 945 mere;
1130 879 1232 952 polest
1245 882 1352 938 tamen
1367 895 1440 938 eum
1452 878 1593 938 eximere
1611 879 1650 938 ab
1661 873 1796 938 inferio-

170 953 231 1010 art.
246 948 260 1008 l
276 947 342 1026 huj.
356 952 482 1026 quest,
498 953 528 1010 et
542 953 602 1010 art.
617 948 647 1020 3,
661 949 698 1010 ad
711 951 740 1008 9.
752 949 835 1028 Ergo
850 954 957 1010 vetum
1008 949 1052 1010 ris
1068 953 1188 1028 prelati
1204 956 1417 1034 subjectione3
1433 955 1517 1034 qued
1535 973 1598 1018 nen
1611 961 1660 1018 est
1676 955 1800 1018 inreto-

169 1027 359 1090 ebedientie
374 1034 421 1092 est
435 1028 629 1107 precipuum
655 1027 738 1088 inter
754 1029 862 1092 omeia
875 1030 958 1092 reli-
1008 1031 1195 1094 obedientie
1209 1035 1408 1111 dispensare.
1771 1079 1779 1087 -

168 1107 274 1184 gionis
291 1111 373 1169 reta.
1007 1109 1186 1172 Anrrcunus
1210 1131 1254 1172 rx.
1286 1149 1324 1158 —
1352 1111 1463 1176 Utmim
1490 1113 1655 1191 reliqzesus
1680 1129 1795 1192 seuque·

208 1185 957 1266 Respondeedieendumquddvotumebedien-
1044 1197 1149 1267 peccet
1180 1193 1352 1253 mortaliter
1385 1193 1638 1272 trertsgrcdieedo
1670 1213 1703 1254 ce
1729 1213 1795 1272 que

167 1265 221 1328 tite
235 1271 283 1328 est
298 1267 493 1344 praecipuum
511 1265 594 1327 inter
608 1267 668 1328 tria
684 1270 757 1329 veta
778 1267 954 1346 religionis.
1046 1277 1117 1329 suet
1137 1270 1170 1329 ia
1185 1271 1303 1348 repnte.
1327 1307 1365 1317 -
1388 1269 1497 1352 (Sep,
1520 1289 1571 1352 qn.
1592 1271 1648 1344 88,
1666 1279 1727 1332 ert.
1744 1271 1793 1344 18,

166 1343 207 1404 Et
222 1345 282 1406 bec
296 1346 413 1424 triplici
428 1347 565 1407 ratione.
1046 1347 1086 1408 ed
1100 1347 1130 1420 lt,
1146 1357 1172 1408 et
1188 1349 1217 1419 l,
1233 1349 1307 1410 dist.
1325 1349 1379 1424 38,
1393 1370 1444 1430 qe.
1462 1351 1496 1426 1,
1511 1359 1571 1412 ert.
1590 1349 1621 1424 le,
1639 1369 1691 1432 qu.
1708 1350 1737 1423 1,
1754 1351 1793 1414 ad

207 1423 314 1486 Primd
331 1425 459 1502 quidem
481 1426 557 1502 quia
574 1442 630 1502 per
646 1429 754 1485 velum
769 1423 957 1488 obedientias
1045 1425 1075 1497 5,
1095 1435 1121 1488 ct
1137 1429 1243 1506 pruriet.
1262 1429 1292 1500 l,
1308 1437 1369 1490 ert.
1384 1429 1447 1510 20.)

167 1501 288 1580 aliquid
302 1505 403 1583 majus
415 1506 511 1566 bomo
526 1503 617 1564 effert
631 1505 707 1574 Dee,
721 1504 841 1566 seilicet
852 1505 955 1582 ipsam
1046 1505 1092 1565 dd
1109 1523 1229 1576 nonum
1244 1508 1288 1568 sic
1303 1507 1493 1585 proceditur.
1511 1509 1538 1570 1.
1555 1507 1688 1569 Videtur
1702 1507 1785 1588 qudd

169 1582 384 1658 voluntatem
412 1599 484 1661 quae
511 1587 558 1644 est
582 1584 687 1660 potior
715 1580 811 1660 quam
838 1601 954 1661 corpus
1005 1585 1176 1664 religiosus
1188 1593 1431 1666 semperpeccet
1446 1587 1621 1650 mortaliter
1633 1591 1794 1666 transgre-

166 1662 353 1739 preprium,
367 1663 454 1740 quod
475 1659 568 1724 offert
582 1661 677 1723 berne
691 1661 758 1723 Dee
777 1680 835 1740 per
848 1665 956 1723 centi-
1005 1663 1121 1725 diendo
1138 1681 1176 1728 ea
1195 1669 1356 1742 quaesunt
1375 1667 1405 1726 in
1428 1665 1550 1746 reguli.
1566 1667 1684 1728 Facere
1707 1667 1792 1727 enim

166 1741 327 1812 nentium
342 1745 373 1804 et
388 1740 486 1820 quam
501 1759 552 1802 res
566 1742 753 1812 exteriores,
768 1759 849 1819 quas
864 1739 956 1804 efferi
1006 1747 1118 1806 centra
1144 1747 1251 1804 vetum
1276 1751 1323 1806 est
1348 1751 1513 1824 peccatum
1536 1745 1736 1818 damnabile,
1759 1749 1795 1806 ut

167 1818 342 1881 bemeDeo
359 1839 415 1898 per
430 1824 538 1881 retum
575 1821 761 1899 aupertatis.
778 1821 864 1884 Unde
878 1823 955 1883 illud
1029 1827 1092 1882 atet
1110 1821 1209 1900 perid
1251 1823 1312 1884 arod
1334 1825 1504 1902 apestolus
1526 1824 1630 1885 dicitl
1654 1823 1791 1884 'finmlb

165 1899 250 1975 qued
269 1895 304 1961 fit
323 1918 363 1960 ex
384 1841 572 1993 obediendi]
589 1906 637 1960 est
660 1900 762 1980 magis
777 1901 843 1961 Dee
858 1917 956 1963 acce·
1005 1840 1035 1992 E,
1054 1901 1084 1976 2,
1100 1901 1186 1980 quod
1199 1841 1300 1964 viipuae
1314 1921 1380 1995 pace
1395 1904 1504 1964 uoluat
1519 1901 1631 1964 nubere
1642 1949 1650 1970 ,
1663 1902 1793 1964 demea-

164 1981 255 2056 ptum
268 1975 366 2056 quam
382 1979 412 2040 rd
428 1979 512 2056 quod
534 1979 569 2038 iit
582 1997 639 2058 per
655 1979 818 2058 propriam
834 1979 955 2040 velun·
1006 1977 1253 2050 transmineret,
1289 1999 1342 2045 me
1360 1983 1492 2060 primam
1505 1981 1592 2062 ficiem
1607 1981 1794 2062 irritares-

163 2054 687 2128 latem,seeundirmilludllieren
713 2057 955 2136 mi,queddicit
1007 2067 1125 2120 erraret.
1153 2059 1210 2120 Sed
1241 2001 1380 2140 reiigiesi
1410 2065 1483 2122 vote
1520 2059 1725 2138 professionis
1754 2061 1792 2122 ad

164 2134 204 2198 ud
229 2136 395 2200 Rusticum
422 2137 649 2200 monachum:
702 2137 829 2200 dillud
856 2137 955 2200 tendit
1005 2137 1397 2218 remilamastringentur.
1416 2139 1793 2219 Ergopeccantmerta-

164 2215 268 2276 oratio
280 2261 287 2284 ‚
300 2227 336 2278 ut
350 2215 485 2284 doceam,
502 2224 530 2278 te
546 2235 611 2278 aee
626 2225 678 2278 tue
692 2213 823 2278 arbitrie
843 2215 955 2278 diarii-
1005 2215 1078 2278 liter
1093 2217 1354 2300 transgrediendo
1368 2235 1406 2282 ea
1421 2235 1492 2297 quae
1507 2219 1540 2279 in
1561 2215 1675 2299 reguld
1689 2219 1794 2282 centi-

164 2293 308 2388 tendunt:
331 2301 362 2358 et
384 2300 458 2376 pest
482 2294 835 2388 paueausubditzNee
857 2298 954 2376 secius
1005 2301 1134 2358 nentur.
1445 2375 1451 2392 υ
1555 2375 1563 2392 ,
1692 2375 1701 2392 ·

162 2371 955 2543 difidit-'fiditliiidie.difidit
1005 2373 1797 2534 ablttttdaetttettttttt‘tttttt

160 2529 320 2610 jejunium
345 2550 410 2596 nen
435 2535 578 2595 redditur
602 2535 668 2596 Dee
695 2539 859 2612 acceptum
882 2553 954 2595 euin
1027 2538 1196 2613 receptum
1210 2535 1302 2614 legis,
1318 2533 1622 2616 peccatmortaliter.
1639 2472 1724 2614 firgo
1738 2535 1793 2598 vi-

162 2610 294 2689 proprid
309 2611 668 2685 voluntate,secundi1m
683 2611 759 2672 illud
775 2611 837 2674 isa.
853 2611 902 2688 58,
914 2613 951 2674 3:
1004 2549 1096 2673 setar
1111 2613 1196 2692 qudd
1218 2613 1394 2676 monachus
1410 2617 1497 2675 trans
1523 2612 1645 2676 rediens
1667 2628 1793 2692 eaque
1862 2659 1864 2662 -

160 2689 245 2752 Eece
257 2691 293 2752 in
307 2690 538 2773 eieemjejentt
555 2693 649 2755 uestri
664 2692 825 2753 inuenitur
836 2691 953 2752 velere·
1005 2696 1081 2752 sunt
1093 2691 1125 2752 in
1140 2689 1262 2771 regula,
1276 2699 1385 2772 peccet
1396 2633 1583 2753 mortaiiter.

162 2777 210 2832 tes
227 2778 339 2831 vestre.
356 2769 520 2846 secunde,
536 2771 612 2851 quia
632 2775 742 2833 votum
764 2771 952 2834 obedientiae
1044 2767 1073 2830 3.
1095 2771 1262 2840 Praeterea,
1279 2773 1477 2850 contemptus
1492 2769 1613 2832 inducit
1627 2773 1791 2848 peecatum

162 2849 305 2912 eontinet
320 2851 380 2912 sub
402 2869 436 2912 se
457 2851 520 2912 alia
536 2856 624 2924 rota;
641 2849 696 2912 sed
712 2867 776 2911 oen
790 2851 954 2912 converti·
1004 2850 1151 2914 mortale.
1174 2849 1234 2911 Sed
1257 2851 1450 2930 quicumque
1469 2849 1652 2928 frequenter
1671 2844 1792 2930 aliquid

160 2935 216 2990 tur
234 2947 242 2988 ι
261 2946 336 2991 nam
357 2929 546 3006 religiosus,
571 2929 629 2991 etsi
654 2933 802 2991 teneatur
822 2947 863 2990 ex
880 2933 953 2992 veto
1005 2926 1117 3001 iterat,
1140 2929 1226 3006 qued
1252 2947 1316 2990 nen
1342 2929 1434 2991 debet
1460 2929 1584 3004 facere,
1603 2917 1728 2992 ridetur
1751 2945 1793 2990 ex
1873 2951 1875 2956 ·

161 3006 392 3073 continentiam
404 3021 534 3072 serrare
547 3013 577 3071 et
613 3011 830 3088 aupertatem3
845 3012 951 3069 tamon
1004 3011 1188 3087 contemptu
1203 3025 1345 3086 peccare.
1361 3009 1445 3088 Ergo
1460 3008 1584 3070 videtur
1598 3007 1684 3087 qudd
1698 3005 1724 3070 si
1741 3022 1792 3070 re-

160 3085 229 3148 baeo
246 3087 341 3152 etiam
362 3090 422 3150 sub
446 3085 626 3150 obedientiis
647 3088 782 3160 eadunt,
797 3087 837 3150 ad
855 3103 952 3166 quam
1003 3085 1137 3166 ligiosus
1165 3086 1348 3164 frequenter
1370 3087 1624 3226 transgrediatur
1649 3085 1680 3150 iti
1706 3085 1792 3168 quod

160 3165 322 3244 pertinent
335 3169 436 3230 multa
457 3168 521 3232 alia
544 3171 659 3249 preter
673 3167 903 3230 continentiam
922 3170 953 3229 et
1004 3169 1052 3227 est
1067 3165 1100 3225 in
1115 3164 1227 3244 regula
1241 3171 1349 3244 peccet
1363 3169 1466 3227 morta
1481 3167 1551 3227 iter.

159 3261 224 3323 pau
250 3249 382 3308 ertatem
409 3265 550 3309 servare.
578 3247 707 3320 Tertio,
738 3245 816 3322 quia
843 3247 951 3306 retum
1043 3241 1103 3304 Sed
1124 3248 1237 3308 centra
1257 3247 1305 3306 est
1326 3243 1412 3322 qued
1434 3248 1534 3306 status
1556 3241 1721 3336 roligionis
1743 3245 1792 3305 est

160 3263 348 3386 obedientie
361 3325 490 3464 proprie
506 3345 539 3388 se
554 3325 695 3388 extendit
710 3324 749 3384 ad
765 3329 856 3386 actus
871 3342 959 3402 pre·⁴
1003 3321 1149 3384 securior
1169 3320 1267 3400 quam
1290 3325 1390 3384 slatus
1417 3319 1571 3385 secularis
1596 3327 1666 3385 erte
1682 3341 1690 3381 a
1706 3321 1791 3384 unde

159 3403 299 3482 pinques
315 3403 368 3464 fini
382 3406 439 3465 rei
465 3405 558 3468 ienis.
573 3403 701 3477 Quanld
714 3405 820 3464 autem
830 3401 950 3482 aliquid
1004 3399 1178 3479 Gregorius
1206 3400 1238 3462 in
1268 3401 1370 3481 princ.
1405 3399 1539 3474 bleral.,
1569 3399 1602 3461 in
1628 3399 1720 3478 epist.
1750 3399 1791 3463 ad

157 3482 373 3562 propinquius
385 3425 506 3558 cestini,
520 3483 607 3546 tarrid
622 3482 734 3544 melius
749 3485 808 3542 cst.
1001 3479 1121 3544 Leand.
1156 3479 1317 3558 episcop,
1346 3497 1443 3558 super
1467 3479 1611 3558 Exposit.
1628 3477 1683 3540 lib.
1710 3477 1788 3552 Job,

198 3561 238 3621 Et
255 3561 326 3622 inde
344 3564 440 3625 etiam
461 3566 509 3624 est
532 3561 617 3640 qued
639 3566 748 3622 vetum
766 3557 952 3624 obedientie
1003 3575 1073 3637 cap.
1091 3559 1121 3631 1,
1138 3557 1156 3622 d
1173 3559 1296 3637 prinu,
1317 3562 1482 3638 comparat
1497 3559 1593 3619 vitam
1614 3557 1790 3619 secularem

159 3644 208 3702 est
231 3640 394 3720 religionis
422 3641 637 3704 essentialius.
663 3639 693 3700 Si
722 3639 807 3720 errim
835 3639 951 3716 aliquis
1003 3639 1084 3699 mari
1096 3635 1279 3709 fluctuanti,
1298 3639 1392 3699 vitam
1410 3641 1516 3700 autem
1534 3635 1792 3715 religionisper-

157 3720 366 3800 absquevote
380 3721 568 3783 obedientie
583 3719 797 3782 voluntariam
812 3735 949 3796 pauper·
1004 3718 1247 3795 taitranquillo.
1269 3716 1328 3779 Sed
1356 3718 1383 3776 si
1409 3716 1557 3794 quelibet
1577 3707 1790 3794 transgressio

158 3797 258 3861 tatem
271 3803 302 3862 et
316 3801 545 3863 continentiam
560 3800 656 3862 ctiam
666 3802 740 3860 veto
755 3800 870 3870 seri-ct,
885 3815 950 3860 nen
1004 3813 1115 3856 eorum
1128 3811 1200 3874 quae
1212 3795 1245 3856 in
1256 3791 1367 3876 regula
1380 3795 1594 3868 continentur,
1605 3793 1790 3874 religiosum

157 3882 291 3958 propter
313 3880 372 3942 boe
396 3880 534 3960 pertinet
558 3879 596 3940 ad
621 3881 739 3939 statum
765 3876 949 3954 religionis,
1003 3873 1160 3953 obligaret
1179 3873 1218 3936 atl
1241 3879 1406 3952 peceatum
1422 3873 1572 3947 mortale,
1592 3875 1691 3934 status
1709 3873 1790 3933 reli—

158 3957 216 4038 qui
234 3957 400 4036 praefertur
422 3959 518 4020 etiam
543 3956 604 4036 ipsi
617 3955 797 4038 ¹virginitati
820 3973 860 4016 ex
877 3959 950 4018 vete
1002 3951 1107 4032 gionis
1124 3957 1207 4016 esset
1224 3953 1512 4032 periculosissimus
1531 3953 1663 4030 prepter
1675 3951 1790 4012 arniti-

159 4039 337 4100 observate
354 4060 360 4096 :
379 4038 454 4099 dicit
478 4038 563 4099 enim
585 4035 782 4114 Augustinus
809 4034 842 4095 in
866 4033 949 4096 libre
1002 4031 1145 4094 tudinem
1159 4033 1447 4095 observantiarum.
1464 4033 1534 4094 Non
1549 4047 1626 4171 erpo
1640 4029 1790 4109 quaelibet

158 4116 197 4178 de
210 4117 421 4196 virginitale,
437 4113 573 4195 capiti,
589 4115 620 4176 in
636 4113 691 4175 lin.
708 4134 715 4173 :
732 4115 839 4182 licem,
851 4130 949 4192 quee-
1001 4113 1217 4188 lransgressio
1232 4127 1343 4173 eoram
1358 4127 1430 4190 qum
1447 4112 1480 4172 in
1494 4111 1586 4192 regul
1624 4110 1789 4174 coutinen-

159 4192 225 4256 ttirn
237 4203 315 4276 pete
330 4243 336 4266 ,
351 4213 444 4258 erasus
465 4195 561 4276 suerit
579 4193 792 4276 virginitatem
804 4194 948 4274 preferre
1001 4191 1055 4251 tur
1069 4195 1118 4252 est
1129 4189 1294 4269 peccatum
1309 4193 1453 4254 mortale.

157 4277 346 4336 mermstcrie
361 4276 416 4356 (li.
664 4282 666 4286 ·
1040 4269 1227 4350 despondeo
1242 4269 1408 4331 dicendum
1422 4267 1508 4348 qued
1528 4267 1560 4327 in
1576 4265 1688 4347 regala
1704 4283 1784 4329 con-

200 4351 246 4414 Ad
262 4346 402 4432 primum¹
414 4373 490 4432 ergo
503 4351 671 4416 dicendum
709 4351 768 4414 ned
780 4351 949 4412 eonsilium
1000 4347 1249 4427 lineturaliquid
1257 4348 1435 4426 dupliciter,
1445 4347 1526 4406 sicut
1535 4364 1576 4408 ex
1586 4345 1675 4407 dictis
1688 4349 1783 4426 patet,

158 4431 531 4494 obedientiaeineluditer
542 4434 574 4492 in
588 4432 656 4510 ipsd
669 4369 784 4494 ΕἹιιὶειί
799 4429 947 4508 sequela:
1001 4432 1062 4488 art.
1076 4428 1095 4486 'l
1110 4427 1176 4506 huj.
1198 4443 1274 4506 qm,
1297 4426 1366 4486 adl
1389 4429 1419 4486 et
1441 4425 1460 4484 2
1476 4445 1484 4484 ε
1498 4439 1565 4484 nno
1589 4425 1683 4487 modo
1703 4427 1785 4489 sicat

182 4510 434 4584 nienimebedit,
445 4509 945 4587 sequituralteriusvolunlatem.
1000 4503 1073 4566 finis
1089 4505 1226 4585 regulae,
1240 4501 1316 4582 putd
1330 4520 1368 4566 ea
1387 4521 1458 4581 quae
1470 4503 1630 4582 pertinent
1645 4501 1787 4568 adactus

156 4529 197 4653 {t
215 4589 284 4652 ided
299 4591 398 4672 magis
414 4590 550 4670 pertinet
561 4587 599 4650 ad
616 4585 947 4668 perfectionemqudm
1001 4585 1157 4645 virtutum
1175 4605 1182 4642 ι
1200 4585 1231 4643 et
1245 4583 1358 4643 borum
1378 4583 1610 4662 transgressio,
1631 4582 1787 4661 quantum

156 4674 268 4734 votum
297 4669 513 4748 paupertatis,
541 4669 636 4748 quia,
664 4671 699 4728 ut
730 4667 945 4744 Hieronymus
994 4663 1039 4744 ¹ad
1054 4681 1089 4724 ea
1103 4679 1175 4742 qnae
1188 4662 1305 4724 cadunt
1318 4663 1530 4724 communiter
1544 4661 1603 4722 sub
1618 4662 1785 4740 precepto,

157 4749 233 4812 dicit
245 4767 343 4829 super
355 4749 556 4820 blattbaeum,
575 4765 645 4840 cap.
664 4745 717 4820 te,
734 4762 831 4822 super
845 4745 919 4804 illud
938 4765 945 4802 ι
1000 4743 1121 4821 obligat
1134 4741 1171 4803 ad
1188 4739 1337 4810 mortale:
1352 4739 1506 4820 quantum
1522 4741 1597 4804 verb
1610 4739 1648 4801 ad
1664 4756 1700 4800 ca
1716 4757 1786 4818 quae

161 4829 240 4892 Eece
253 4847 311 4890 aes
323 4829 513 4910 reliquimus,
526 4831 599 4900 ete,
611 4825 645 4887 td
655 4823 738 4906 qnod
772 4823 947 4903 resectionis
1001 4821 1160 4884 excedunt
1170 4819 1382 4882 communiter
1395 4822 1613 4882 necessitatem
1626 4817 1785 4896 precepti,

158 4907 345 4976 est,eddidit
361 4894 484 4974 Petrei,
506 4903 573 4968 etim
591 4904 713 4967 dicitre
761 4903 883 4964 tsccett
897 4921 947 4963 su·
1000 4918 1065 4962 nou
1081 4899 1201 4980 obligat
1213 4899 1252 4962 ad
1267 4897 1411 4972 mortale,
1427 4900 1487 4962 nisi
1503 4903 1634 4979 propter
1645 4898 1785 4957 centem-

157 5007 225 5048 mus
243 4993 310 5048 te.»
999 4985 1089 5120 ptum
1102 5024 1111 5054 ,
1126 4980 1219 5056 quia,
1244 4967 1325 5040 sicui
1346 4995 1443 5057 snpra
1467 4977 1583 5038 dietum
1607 4978 1675 5047 est,
1691 4981 1751 5036 art.
1767 4973 1787 5034 S

199 5065 244 5127 dd
259 5063 434 5129 secundum
448 5065 614 5126 dicendum
630 5061 714 5144 quod
729 5079 770 5123 ex
781 5061 877 5122 verbe
892 5061 945 5122 illo
1024 5057 1067 5138 ιη’.
1085 5062 1210 5137 quast,
1225 5057 1395 5136 religiosus
1409 5075 1473 5118 nen
1489 5059 1615 5118 tenetur
1630 5067 1701 5116 esse
1714 5071 1787 5132 per·

159 5163 224 5210 nen
257 5145 394 5208 babetur
421 5145 505 5224 qued
535 5143 732 5206 continentia
760 5140 947 5220 praeferatur
994 5137 1120 5212 factm,
1151 5135 1204 5198 sed
1232 5135 1271 5198 ad
1298 5136 1527 5276 perlectionem
1555 5133 1706 5207 tendere3
1733 5134 1785 5195 cui

157 5224 307 5287 omnibus
322 5224 394 5286 aliis
407 5227 529 5286 actibus
544 5224 705 5295 virtuosis,
718 5221 772 5282 sed
785 5219 945 5300 conjugali
999 5215 1216 5279 contrariatur
1240 5217 1441 5295 perectieuis
1473 5217 1682 5290 contemptus.
1714 5213 1785 5273 Alie

157 5305 313 5378 castitati,
330 5304 490 5365 ueletiam
511 5303 724 5364 exterioribus
740 5299 856 5362 divitiis
874 5301 945 5360 anri
998 5296 1092 5356 modo
1108 5296 1288 5358 continetur
1303 5295 1423 5374 aliquid
1443 5297 1475 5354 in
1493 5288 1605 5370 reguli
1619 5291 1784 5369 pertinens

156 5385 345 5462 etargenti,
364 5399 436 5462 qme
461 5381 600 5461 pendere
622 5383 861 5441 mensurantur.
884 5377 943 5438 Vel
999 5375 1039 5436 ad
1065 5375 1205 5437 exterius
1233 5375 1439 5445 exercitium,
1465 5373 1547 5434 sicut
1575 5373 1650 5432 sant
1674 5385 1785 5431 omnes

157 5481 217 5544 per
241 5463 469 5526 continentiam
500 5460 688 5540 intelligitur
722 5457 946 5518 universaliter
999 5455 1174 5516 exteriores
1211 5451 1439 5524 obseruantiae3
1475 5451 1558 5512 inter
1595 5465 1676 5528 quas
1711 5453 1785 5511 sunt

157 5541 350 5606 abstinentia
363 5544 403 5603 ab
418 5541 505 5602 omni
522 5540 623 5608 male,
637 5546 672 5599 ut
688 5555 786 5616 supra
800 5535 944 5598 habitum
998 5533 1142 5610 quaedam
1152 5531 1190 5595 ad
1205 5551 1286 5614 quas
1300 5531 1461 5612 obligatur
1471 5529 1641 5610 religiosus
1657 5545 1697 5592 ex
1710 5531 1783 5610 rote
1811 5549 1817 5564 ·

158 5625 219 5694 est,
235 5625 347 5698 quest.
365 5620 434 5695 155,
453 5625 513 5683 art.
527 5617 558 5695 lt,
573 5619 612 5681 ad
627 5620 655 5679 1.
997 5611 1216 5691 professionis.
1232 5615 1349 5673 Votum
1373 5615 1479 5673 antem
1502 5609 1710 5688 professionis
1730 5622 1786 5670 re-

196 5721 234 5794 (l)
254 5719 290 5776 lta
305 5721 365 5776 iles.
382 5733 407 5778 et
421 5721 482 5777 edit.
499 5723 605 5792 passim.
626 5721 795 5793 bragadinus,
812 5717 944 5783 niertqrie.
998 5693 1091 5770 spicit
1103 5693 1323 5784 principaliter
1335 5692 1395 5784 ‘Pia
1408 5689 1786 5784 predictasctticetpee-

157 5801 188 5847 ut
201 5793 292 5848 retulit
309 5791 338 5846 S.
354 5791 470 5850 'l‘lreruas
483 5795 549 5866 ipse,
564 5811 651 5868 supra,
665 5801 758 5864 iperet.
776 5789 895 5860 libert·
917 5790 943 5859 5,
991 5781 1164 5853 penalem»
1188 5777 1409 5866 wiliulfum
1432 5774 1462 5833 0¹
1485 5769 1705 5863 fidissimam?
1721 5769 1785 5831 ³¹¹³

160 5867 189 5920 et
204 5861 266 5932 ¹52,
282 5861 337 5919 in.
355 5861 372 5919 e
449 5917 453 5922 ,
997 5853 1191 5918 verboruma
1207 5853 1321 5920 adhaee
1331 5851 1530 5916 ordinanter.
1544 5849 1797 5936 Etrdeeuane,
