4080 6346
189 324 259 388 4057
764 313 899 386 eomer.
919 311 1058 370 crnvni.
1079 311 1123 372 ua
1141 313 1245 372 oues.
1757 323 1826 382 roa

188 433 310 506 bantur
321 429 408 518 qudd
416 421 522 516 'aliqui
539 432 601 497 cdii
623 417 805 494 immundos
824 425 981 505 iacerent,
1036 427 1119 510 gula
1138 425 1274 496 inheret
1302 429 1399 496 homo
1419 435 1575 522 tanquam
1600 437 1677 520 lini,
1695 448 1826 526 propter

189 539 255 584 non
268 523 400 600 propter
416 515 571 606 liguram,
595 513 650 586 sed
669 515 801 592 propter
817 509 982 590 propriam
1035 525 1134 588 quem
1146 509 1249 572 Deum
1267 516 1456 592 contemnit,
1471 527 1603 597 paratus
1618 521 1739 586 scilicet
1750 543 1825 590 con-

189 605 352 666 naturam.
376 594 564 657 lnordinata
578 597 684 654 autem
697 590 842 652 ciborum
856 606 984 654 concu-
1036 591 1088 652 tra
1101 593 1260 669 precepta
1270 589 1328 653 Dei
1343 609 1456 674 agere,
1471 602 1508 658 ut
1524 599 1751 664 delectationes
1766 605 1826 668 hu·

189 678 347 762 piscentla
368 673 580 754 spiritualiter
598 671 760 734 hominem
782 669 981 748 coinquinat.
1034 667 1173 749 jusmodi
1184 675 1388 752 assequatur.
1403 674 1435 736 Si
1447 677 1523 740 verd
1535 679 1570 740 in
1582 681 1660 744 vitio
1676 683 1759 762 gulae
1773 685 1827 744 in-

229 758 276 818 ad
288 755 465 818 secundum
476 750 644 814 dicendum
658 747 755 828 quod,
771 749 853 811 sicut
865 748 983 812 dictum
1037 748 1201 828 telligatur
1216 749 1410 816 inordinatio
1424 759 1688 839 concupiscentia
1701 761 1825 826 tantiim

187 841 237 900 est
251 838 284 898 in
297 853 354 899 cor
378 880 385 897 .
401 838 475 907 art,
491 831 603 894 vitium
617 831 700 910 gale
713 845 779 889 non
789 829 934 892 consistit
949 828 983 891 iii
1037 826 1213 890 seeundum
1226 847 1264 894 ca
1275 848 1347 924 quic
1359 837 1434 896 sunt
1448 835 1487 898 ad
1500 836 1612 916 linem,
1625 843 1735 920 utpote
1748 843 1827 924 quia

188 853 471 987 suostantiam,
500 911 554 974 sed
581 910 614 970 in
635 907 894 1002 cpncupipcentid
917 925 983 1002 uon
1037 907 1131 968 nimis
1163 911 1361 1004 concupiscit
1395 913 1620 980 delectationes
1657 919 1825 993 ciborum,

188 993 334 1076 regulata
348 993 484 1056 ratione.
500 991 541 1052 Et
554 988 624 1051 idad
636 1007 662 1050 si
677 987 795 1066 aliquis
806 987 939 1050 excedat
950 1003 992 1049 in.
1037 1003 1103 1048 non
1131 990 1239 1048 tamen
1269 993 1314 1052 ita
1342 990 1427 1071 qudd
1460 1001 1592 1088 proptor
1620 997 1681 1060 lioc
1707 997 1827 1064 iaceret

187 1075 367 1154 quantitate
381 1071 455 1146 cibi,
470 1088 536 1132 non
571 1066 985 1150 rupterooncuplsccnliam
1037 1066 1079 1128 ali
1105 1065 1159 1128 nid
1174 1071 1286 1133 contra
1299 1069 1402 1152 legem
1416 1073 1491 1150 liei,
1508 1079 1555 1138 est
1575 1079 1743 1156 peccatum
1763 1096 1828 1142 ve-

189 1157 262 1228 citii,
279 1153 335 1216 sed
350 1153 512 1215 estimans
533 1087 636 1210 idsioi
658 1147 877 1210 necessarium
899 1164 982 1220 esso,
1039 1084 1137 1208 uitiis.

188 1251 254 1328 pon
273 1231 409 1328 peptinet
429 1231 490 1292 lioc
514 1229 554 1291 ad
578 1228 698 1310 gulam,
713 1223 821 1318 esdad
837 1225 982 1304 aliquam
1077 1224 1125 1286 Ad
1153 1225 1292 1306 primum
1312 1245 1397 1324 ergo·
1411 1230 1580 1296 dicendum
1603 1233 1688 1317 qudd
1712 1237 1826 1303 vitium

187 1303 985 1484 'attiiaadisstacitatacita
1037 1303 1358 1462 scistitavit
1372 1313 1826 1472 slaiaassilni

185 1411 383 1534 delectabilis
408 1473 547 1530 scienter
575 1463 709 1528 excedat
738 1479 923 1526 mensuram
950 1465 984 1524 in
1036 1463 1098 1524 lioc
1125 1481 1183 1544 por
1208 1465 1387 1547 quamdam
1407 1467 1626 1532 reductionem
1652 1475 1827 1552 opponitur

186 1550 321 1612 edendo,
1036 1547 1196 1622 precepto
1217 1543 1255 1606 de
1279 1545 1530 1610 sanctificatione
1547 1551 1690 1625 sabbati,
1707 1553 1738 1614 in
1760 1570 1827 1634 quo

228 1629 275 1690 ild
289 1629 418 1692 tertium
429 1623 599 1688 dicendum
611 1619 698 1701 quiid
712 1621 833 1702 duplex
853 1624 901 1683 est
920 1639 985 1702 ap-
1036 1621 1219 1702 praecipitur
1245 1624 1336 1706 quies
1358 1624 1391 1688 in
1413 1625 1477 1688 fine
1500 1628 1624 1690 ultimo.
1648 1631 1716 1692 Non
1741 1633 1827 1695 cuim

187 1711 327 1788 petitus:
345 1723 431 1770 unus
442 1704 572 1786 quidem
592 1702 763 1776 naturalis,
777 1703 833 1780 qui
846 1701 985 1780 pertinet
1037 1701 1145 1762 omnia
1162 1711 1292 1778 peccata
1305 1706 1451 1768 mortalia
1462 1706 1827 1774 directdcontrariantur

188 1789 227 1852 ad
241 1789 325 1852 vires
337 1788 452 1852 animae
468 1782 665 1864 vegetabilis,
679 1781 841 1860 inquibus
853 1796 985 1858 nonpo-
1037 1781 1202 1872 preceptis
1222 1781 1391 1862 Decalogi,
1407 1785 1463 1847 sed
1482 1783 1587 1850 soliim
1600 1787 1657 1851 illa
1696 1807 1746 1852 uas
1769 1791 1827 1854 in-

188 1871 250 1930 test
261 1885 332 1930 esse
350 1868 450 1928 virtus
473 1867 505 1924 et
529 1863 653 1933 vitium,
670 1857 708 1922 ed
723 1860 810 1938 quod
824 1875 889 1920 non
902 1877 985 1938 pos-
1034 1859 1191 1938 justitiam
1207 1861 1372 1922 continent
1387 1883 1395 1922 ε
1412 1863 1488 1946 quia
1503 1871 1661 1948 praccepta
1674 1805 1827 1952 decalogi

189 1950 265 2009 sunt
290 1943 404 2028 subjici
427 1942 568 2006 rationi:
585 1939 670 2002 unde
692 1942 724 2000 et
740 1939 788 2001 vis
810 1938 984 2018 appetitiva
1038 1938 1219 2014 specialiter
1243 1943 1403 2020 pertinent
1425 1943 1465 2006 ad
1488 1945 1645 2026 justitiam
1669 1949 1699 2009 et
1720 1954 1826 2030 partes

185 2025 340 2089 dividitur
360 2027 472 2087 contra
502 2020 705 2096 retentivam,
737 2017 925 2098 digestivam
954 2021 985 2077 et
1037 2015 1128 2098 ejus,
1143 2023 1292 2100 utsupra
1307 2017 1451 2083 habitum
1467 2029 1532 2098 est,
1550 2041 1606 2104 qu.
1629 2023 1704 2100 1⁶20,
1718 2031 1779 2090 art.
1796 2028 1825 2089 1.

188 2105 417 2186 expulsivam:
435 2104 467 2164 et
480 2101 519 2165 ad
540 2101 636 2164 talem
655 2097 832 2176 appetitum
845 2095 984 2176 pertinet
1077 2095 1124 2156 ild
1138 2099 1314 2159 secundum
1334 2100 1502 2162 dicendum
1516 2102 1602 2182 qudd
1617 2104 1650 2168 in
1668 2111 1827 2185 quantuni

6 2189 7 2200 ¹
91 2177 93 2182 ’
189 2185 357 2248 esurisset
372 2181 452 2245 sitis.
474 2181 531 2244 Est
547 2183 654 2242 autem
672 2181 702 2236 et
717 2176 799 2238 alius
823 2175 983 2256 appetitus
1036 2175 1628 2252 avertitdfineultimo‚contrariatur
1650 2183 1727 2263 gula
1750 2185 1828 2252 dile-

188 2265 380 2335 scierimus,
401 2263 435 2323 in
460 2259 552 2338 cujus
581 2255 842 2346 concupiscentia
867 2255 982 2316 vitium
1039 2255 1136 2316 ctioni
1151 2255 1285 2337 Dci‚qui
1299 2263 1346 2318 cst
1360 2261 1589 2340 superomnia,
1599 2261 1682 2325 sicut
1695 2263 1768 2326 linis
1783 2263 1828 2331 ul·

189 2345 272 2426 guloe
287 2342 443 2406 consistit.
459 2339 547 2402 Unda
563 2337 686 2418 primus
703 2338 807 2396 motus
825 2333 908 2414 guiae
922 2333 986 2394 lin-
1037 2335 1151 2410 timus,
1174 2333 1352 2414 diligendus
1371 2344 1424 2400 :et
1447 2338 1623 2404 secunddm
1638 2341 1700 2408 hoc
1721 2341 1828 2408 aoldm

187 2427 295 2506 portat
315 2421 584 2484 inordinationem
599 2418 632 2478 ia
649 2415 795 2498 appetitu
816 2413 983 2487 sensitivo,
1038 2413 1114 2494 gula
1129 2419 1177 2475 ost
1190 2420 1356 2494 peccatum
1369 2419 1515 2482 mortale.

188 2519 262 2581 quai
278 2519 344 2566 noa
358 2504 407 2564 cst
421 2500 491 2562 sinc
504 2503 645 2578 peccato.
1077 2492 1118 2553 At
1136 2495 1264 2555 tertium
1290 2494 1458 2558 dicendum
1481 2497 1568 2578 qnod
1587 2498 1666 2562 illud
1691 2503 1828 2570 verbum

1037 2571 1208 2652 Augustini
1231 2573 1419 2656 intelligitur
1434 2577 1476 2640 de
1496 2577 1590 2658 gula,
1613 2579 1646 2642 in
1670 2587 1829 2660 quantum
1880 2611 1897 2637 ·

189 2627 371 2691 irritatus
400 2641 436 2686 1¹·
460 2657 498 2670 -·
519 2616 632 2684 (ΗΜ
656 2617 732 2696 9²⁴¹ss
754 2616 798 2677 ’ἅ
822 2623 986 2694 9⁶⁰⁶⁰Wm
1035 2649 1188 2728 importat
1202 2652 1472 2718 inordinationem
1487 2659 1754 2740 concupiscentiae
1771 2678 1829 2723 so-

227 2705 368 2768 morifllss·
387 2737 426 2748 -·
441 2701 451 2782 (
469 2701 548 2840 inp..
561 2705 668 2779 dumi·
686 2694 756 2769 154⁹
771 2702 833 2756 ‘m‘
849 2694 879 2768 2’
898 2693 938 2758 “d
951 2695 983 2768 θ’
1037 2727 1104 2792 liam
1118 2731 1203 2793 circa
1218 2749 1256 2794 ea
1270 2750 1341 2812 quae
1354 2736 1481 2798 suntad
1496 2737 1604 2798 finem.

229 2793 258 2845 ‘i
272 2784 354 2848 Mai·
368 2781 507 2864 quasti
532 2785 618 2853 vm·
633 2775 664 2854 g,
687 2782 716 2838 θ’
731 2775 822 2838 Μ’·
841 2773 897 2848 13’
912 2774 983 2838 ¹⁰⁶⁸·
1077 2810 1124 2870 Ad
1150 2816 1302 2891 quartum
1321 2811 1490 2878 dicendum
1507 2815 1592 2896 qudd
1635 2815 1690 2884 ula
1710 2817 1829 2885 dicitur

229 2863 259 2938 32
274 2871 302 2929 ti
316 2862 386 2926 det.
401 2857 573 2940 diecti)
692 2954 698 2968 Ι
883 2953 889 2967 ,
1037 2889 1170 2954 virtutes
1196 2891 1341 2966 auterre,
1365 2909 1432 2955 non
1449 2899 1514 2957 tam
1529 2835 1660 2978 propior
1675 2915 1710 2960 se
1729 2896 1829 2978 quam

229 2961 277 3024 Ad
303 2959 479 3024 seeundum
503 2975 549 3021 ⁵¹⁰
571 2953 766 3035 Ρῐθθθὼῑῦΐ·
794 2955 824 3015 ¹·
851 2951 986 3020 Vldeiffl'
1038 2967 1132 3030 ctiam
1148 2976 1279 3048 propter
1296 2971 1372 3036 vitia
1391 2991 1518 3053 quaaex
1535 2973 1750 3040 adoriuntur.
1768 2979 1828 3045 oi·
1934 3037 1938 3048 .

190 3041 277 3121 dudd
290 3042 366 3124 sula
388 3038 515 3101 nonsit
536 3040 703 3116 necatum
726 3033 871 3130 mame.
884 3033 986 3126 Onne
1038 3048 1080 3108 cii
1094 3049 1180 3110 enim
1196 3050 1416 3132 oregoausiii
1430 3054 1599 3130 nasici-ai,
1615 3053 1740 3135 parea,
1756 3075 1827 3138 cap.

189 3123 278 3196 cuim
304 3125 471 3200 peccatum
493 3115 629 3178 mortale
646 3117 863 3177 contrariatur
888 3114 985 3174 alicui
1036 3126 1087 3200 20,
1102 3128 1259 3206 aliquant,
1276 3127 1529 3209 apriueelldni
1541 3145 1717 3216 centmpcr
1729 3135 1830 3228 inplo-

189 3207 350 3281 praeccpto
363 3197 514 3277 Decalogi
531 3217 538 3254 ε
554 3194 641 3274 quod
653 3193 692 3256 do
710 3191 787 3274 gula
805 3210 870 3258 iton
891 3191 986 3254 lille·-
1037 3207 1115 3268 ciem
1140 3207 1293 3280 tenditur,
1314 3211 1446 3272 virtutes
1466 3211 1576 3276 aalma
1593 3229 1650 3296 per
1667 3211 1829 3278 iammoni

189 3287 253 3343 tur.
268 3281 353 3360 Ergo
366 3278 442 3359 gula
455 3293 521 3338 non
534 3279 583 3337 cst
596 3279 763 3354 peccatum
777 3273 923 3334 mortale.
1037 3285 1253 3348 destruuntur,

188 3351 987 3522 53555555555551555555850555531555555555115
1037 3387 1216 3480 Ampius
1245 3405 1293 3452 ¹¹¹·
1313 3387 1583 3550 {emmam
1600 3391 1643 3458 sit
1658 3393 1828 3462 maelmin

187 3509 984 3614 qu31d2‚art.8.Scdxgulanonnopponiluroliarl-
1203 3587 1210 3602 ι
1301 3587 1308 3604 ι
1366 3545 1367 3550 κ
1462 3589 1468 3604 .
1626 3590 1632 3606 ι

189 3603 247 3660 tati
279 3615 386 3676 neque
411 3600 571 3674 quantum
602 3591 642 3654 ad
670 3589 872 3651 dilectionem
906 3589 984 3682 liei,
1078 3585 1125 3646 ad
1139 3590 1268 3680 tortium
1278 3605 1329 3682 'sic
1342 3589 1536 3671 proceditur.
1553 3590 1581 3652 1.
1597 3589 1728 3653 Videtur
1741 3592 1828 3672 qodd

191 3695 298 3758 neque
331 3671 490 3759 quantiam
524 3671 565 3735 ad
595 3669 797 3732 dilectionem
831 3667 984 3745 proximi.
1038 3665 1114 3760 gula
1135 3670 1176 3728 sit
1199 3683 1376 3761 maximum
1404 3674 1619 3762 peccatorum.
1640 3669 1829 3766 Magnitudo

189 3757 274 3895 Ergo
289 3756 365 3836 gula
380 3751 549 3831 nunquam
561 3753 610 3812 est
625 3753 793 3828 peccatum
805 3746 951 3808 mortale.
1038 3763 1124 3806 enim
1135 3751 1257 3824 peccati
1272 3765 1313 3807 ex
1328 3747 1548 3826 magnitudine
1562 3765 1664 3827 piena
1680 3751 1830 3814 consido-

254 3884 259 3895 .
281 3838 457 3906 Praeterea,
476 3829 674 3910 Augustinus
690 3827 765 3889 dicit
773 3827 813 3918 in
828 3844 924 3888 serm.
947 3824 987 3887 de
1038 3830 1140 3917 ratur.
1154 3825 1215 3918 Sed
1228 3831 1393 3918 moenium
1406 3827 1491 3906 gulsa
1505 3831 1554 3888 est
1566 3828 1757 3908 gravissimi
1792 3849 1830 3894 a·

189 3913 379 3995 Purgatorlo
393 3933 401 3973 i
417 3911 547 3988 Quoties
565 3907 688 3988 aliquid
701 3907 738 3968 iii
749 3903 818 3998 cide
832 3912 888 3966 out
903 3911 984 3985 poto
1038 3907 1162 3966 nilum:
1178 3905 1254 3998 dicit
1267 3922 1353 3966 enim
1363 3905 1628 4000 Chrpsoatomus,
1644 3906 1731 3969 hom.
1746 3849 1829 3972 1551

189 3993 387 4086 piesoccipit
402 3991 493 4074 qudm
511 4007 628 4081 necem
641 3995 695 4055 ert,
714 3986 754 4048 od
776 3995 987 4078 minatoprc-
1038 3983 1173 4078 Mettis,
1192 3983 1350 4078 aliquant.
1367 3983 1387 4048 d
1402 4003 1504 4078 princ.
1529 4005 1537 4046 i
1555 3985 1653 4048 iidem
1673 3989 1831 4084 {grappe-

192 4082 262 4215 “l
280 4081 439 4214 ‘miii
464 4063 987 4212 ltttlitld⁰ld¹ltidl
1037 4065 1644 4226 tltilttttttiliiallidi
1657 4065 1830 4210 ‘litia

191 4171 236 4295 51η
238 4171 394 4306 055155ῑο5
409 4167 547 4292 rddialla
557 4167 699 4308 pgccata.
794 4305 800 4320 Ι
954 4189 984 4320 ι’
1038 4223 1263 4318 ⁸⁰d⁰mllllms
1280 4221 1457 4316 secundiani
1470 4193 1678 4364 dludEgodh.
1713 4226 1828 4302 aaa:

190 4310 547 4470 auiditati}
562 4307 652 4448 lii
668 4303 988 4479 itillttttttt
1039 4303 1357 4474 iiiiii-titt
1370 4303 1831 4467 aliattedlttliitt
1886 4379 1898 4404 ·

191 4471 370 4552 ementito,
381 4487 467 4566 omna
481 4465 565 4548 qaod
581 4466 985 4556 doodncssortitcroqcruiit
1040 4477 1219 4524 maximum
1237 4467 1452 4556 peccalorum.
1562 4542 1568 4558 ·

187 4550 399 4696 attilii
418 4549 988 4690 litttt‘iittt.ttifiiitlil;
1039 4541 1831 4714 ..idatltadlddttiltiitattai

192 4729 259 4774 non
272 4711 395 4774 tollitur
410 4706 473 4770 nisi
487 4723 544 4786 per
555 4705 722 4784 peccatum
739 4701 886 4767 mortale.
902 4701 987 4780 Ergo
1040 4703 1245 4779 peccatorum
1265 4715 1342 4777 quia
1359 4716 1458 4776 saper
1473 4699 1552 4762 illud
1572 4702 1654 4782 psal.
1675 4702 1753 4764 135:
1768 4704 1832 4780 Qui

193 4792 269 4869 gula
280 4795 328 4852 est
342 4790 509 4868 peccalum
521 4783 668 4844 mortale.
1038 4777 1194 4859 percurrit
1207 4777 1378 4937 AEppptvm
1388 4797 1458 4840 ouva
1470 4779 1690 4922 primopraitis
1705 4799 1829 4852 eorum,

1280 4855 1349 4921 ord.
1367 4856 1527 4941 Cassiod.)
1545 4879 1553 4919 i
1599 4861 1738 4929 omnio,
1757 4879 1832 4923 coa-

233 4869 421 4950 llespondco
440 4863 608 4927 dicendum
628 4859 732 4940 quod,
763 4860 846 4922 sicul
866 4857 986 4923 dictum
1040 4857 1115 4920 dicit
1138 4857 1259 4919 Glossa‘

194 4954 242 5010 est
266 4953 327 5012 art.
348 4964 443 5028 preco.
458 4991 466 5020 ‚
480 4943 594 5008 vitium
607 4937 828 5036 gulaeproprid
843 4938 988 5003 consistit
1041 4936 1250 5017 crepitantia,
1268 4935 1413 5016 soperbia
1426 4945 1501 4999 suot
1515 4957 1552 5000 aa
1563 4955 1631 5022 quir
1641 4939 1746 5034 primd
1762 4958 1831 5004 orii.

192 5027 228 5090 in
244 5019 707 5107 eoncupiscentiainordinata.
721 5019 804 5081 Ordo
816 5022 924 5080 autem
935 5035 987 5082 ra·
1041 5025 1089 5078 ter
1100 5023 1237 5096 perierat.
1255 5015 1340 5096 Ergo
1358 5016 1435 5098 gula
1452 5019 1502 5081 est
1515 5019 1741 5099 gravissimum
1753 5037 1833 5100 pec-

193 5107 292 5171 tionis
308 5103 602 5186 concupiscentiam
623 5097 800 5164 ordinantis
819 5097 988 5178 dupliciter
1041 5101 1199 5162 catorum.

195 5189 334 5270 spectari
345 5189 539 5266 potcsteuno
549 5179 643 5244 modo
651 5177 807 5259 qnantum
816 5178 855 5242 ad
869 5197 907 5242 ca
915 5195 988 5258 qua
1079 5176 1109 5237 3.
1128 5178 1304 5248 Praeterea,
1318 5176 1391 5256 post
1413 5176 1515 5243 Deum
1532 5175 1631 5242 homo
1660 5176 1754 5242 debet
1776 5195 1833 5242 se-

195 5272 272 5330 sunt
294 5265 333 5330 ad
355 5263 469 5337 tinem,
491 5264 588 5340 prout
609 5259 729 5322 scilieet
751 5276 817 5322 non
844 5262 920 5320 sunt
942 5259 988 5326 ita
1040 5257 1146 5336 ipsum
1156 5254 1358 5322 maximddili
1383 5259 1491 5330 ere‚ut
1504 5255 1831 5334 supiahaliitumest

195 5347 456 5409 commensurata
483 5345 520 5402 ut
544 5340 609 5401 sint
637 5339 881 5434 proportionata
908 5336 985 5412 lini3
1039 5339 1152 5429 quaest.
1166 5333 1226 5428 252
1241 5339 1302 5428 ,ant
1320 5275 1425 5397 nied
1440 5333 1720 5428 pervitium'gulae
1735 5337 1832 5404 homo

195 5427 262 5490 allo
284 5426 378 5487 modo
397 5419 555 5503 quantum
577 5418 616 5480 ad
637 5436 743 5498 ipsum
758 5417 873 5492 linem,
892 5422 988 5496 prout
1040 5413 1136 5478 inicit
1157 5416 1218 5476 sibi
1240 5431 1300 5494 ipsi
1321 5418 1575 5480 nocumentum:
1604 5413 1721 5479 dicitur
1745 5418 1832 5480 enim

197 5506 319 5568 scilicet
349 5499 607 5584 concupiscentia
635 5497 798 5562 hominem
826 5497 941 5560 avortit
966 5495 987 5560 a
1038 5494 1137 5556 Eccli.
1153 5493 1204 5569 37,
1219 5491 1258 5554 dli
1275 5512 1282 5553 :
1300 5493 1438 5574 Propter
1452 5491 1613 5572 cropoiom
1638 5493 1730 5562 multi
1751 5495 1834 5560 odo·

196 5585 260 5650 dne
275 5585 392 5646 debito.
407 5583 439 5646 Si
455 5599 532 5664 ergo
545 5577 740 5642 inordinatio
753 5575 989 5654 concupiscen-
1039 5580 1126 5640 runt.
1148 5574 1233 5658 Ergo
1244 5573 1325 5654 gula
1343 5575 1390 5636 est
1410 5572 1588 5642 maximum
1604 5579 1831 5658 peccaterum,

196 5667 250 5728 tie
266 5665 443 5744 accipiatur
457 5664 491 5724 in
506 5658 582 5741 gula
597 5654 772 5722 secundnm
785 5656 988 5719 aversionem
1040 5651 1080 5720 ad
1101 5653 1207 5724 minus
1231 5656 1348 5742 prater
1367 5655 1499 5732 peccate
1521 5669 1594 5733 quai
1615 5657 1691 5719 sunt
1719 5661 1833 5726 contu

197 5738 829 5822 dfineultimozsicgulacritpeccatum
839 5736 985 5802 mortale·
1038 5733 1153 5805 Denta.

197 5824 290 5902 Quod
314 5823 443 5904 quidem
460 5819 615 5902 contingit
633 5816 763 5900 quando
785 5815 988 5889 delectationi
1080 5817 1140 5882 sed
1160 5815 1272 5887 sonim
1289 5813 1338 5879 est
1357 5811 1444 5898 qudd
1466 5813 1543 5886 viiia
1561 5812 1706 5888 mraalia
1716 5859 1727 5893 ,
1748 5813 1835 5889 inter
