4070 6338
190 371 259 432 1571
563 363 698 438 QUAES'f.
717 361 966 424 diablintes
984 361 1213 424 milenarius
1232 366 1453 426 uebtdtoitbtt.
1755 380 1826 440 1378

188 485 307 548 r'alium
319 483 448 566 ingerit.
463 480 567 546 Tanto
581 485 690 544 autem
704 478 885 542 sollicitudo
900 481 979 542 tem·
1034 477 1156 556 quanto
1170 479 1275 542 me'us
1290 485 1340 544 est
1351 480 1617 558 instrumentum,
1633 486 1688 548 sed
1699 494 1823 569 quante

189 565 350 645 puralium
369 580 479 634 rerum
502 561 604 656 magis
627 560 757 656 impedit
777 559 978 650 religionem,
1033 559 1082 618 est
1094 558 1195 639 magis
1209 499 1265 620 dni
1276 560 1571 640 proportionatum
1587 563 1670 628 sicut
1679 569 1820 636 medicus

189 644 312 738 quanto
327 643 509 706 sollicitudo
524 641 743 723 spiritualium
756 655 861 719 maJor
877 637 918 702 ad
929 655 980 700 re·
1033 639 1205 730 nontantb
1217 641 1319 721 magis
1333 645 1445 716 sanat,
1460 643 1583 721 quantb
1597 645 1753 727 majorem
1766 651 1821 717 dat

187 722 342 804 irgiuueru
359 724 546 803 requiritur.
1032 715 1234 794 medicinam,
1256 719 1312 781 sed
1328 721 1450 799 quantd
1469 723 1629 790 medicina
1649 731 1698 790 est
1719 733 1822 812 magis

227 803 434 866 Manifestum
449 808 498 866 est
512 805 620 866 autem
634 799 721 880 qudd
735 797 892 880 majorem
908 797 981 860 sol·
1032 797 1277 874 proportionata
1293 801 1417 862 morbo.
1441 801 1493 864 Sic
1511 820 1587 896 ergo
1607 824 1673 868 non
1693 825 1713 868 o
1736 818 1820 874 ortet

64 901 68 908 ¹
188 882 387 944 licitudinem
400 882 618 962 spiritualium
633 879 769 1020 refluirit
780 878 895 960 religio
907 895 980 957 qum
1033 873 1118 964 qubd
1132 877 1245 959 religio
1257 877 1347 942 tantd
1365 880 1407 942 sit
1424 882 1597 960 perfectior
1613 827 1736 965 quantss
1750 908 1823 954 ma-

188 968 235 1024 est
252 963 398 1026 instituta
412 963 452 1026 ad
465 961 667 1039 contemptun
691 977 764 1034 um,
787 962 820 1022 et
835 963 981 1021 contem-
1029 969 1134 1032 rorem
1156 955 1253 1019 babet
1276 963 1510 1039 paupertatem,
1529 963 1584 1026 sed
1605 967 1728 1046 quanto
1751 971 1821 1051 eius

187 1042 275 1182 Hieta
292 1043 365 1106 aliis
380 1041 570 1106 tradendum
584 1057 642 1119 per
654 1037 832 1101 doctrinam
847 1041 879 1098 et
893 1053 980 1116 prte-
1032 1039 1204 1126 paupertas
1218 1041 1267 1098 est
1279 1039 1380 1178 ιιιιὲἰι
1395 1041 1639 1120 proportionata
1656 1045 1712 1109 tini
1731 1066 1822 1112 com-

209 1121 397 1198 icationem,
416 1120 515 1202 qudm
537 1121 592 1182 illa
610 1137 684 1199 qum
702 1123 751 1180 est
772 1117 919 1180 instituta
939 1114 979 1180 ad
1031 1129 1121 1174 mum
1135 1117 1166 1176 et
1178 1116 1320 1195 speciali.
1359 1119 1412 1180 tsi
1425 1120 1557 1184 daretur
1569 1123 1655 1202 qudd
1667 1144 1820 1193 excessus

188 1201 471 1280 contemplandum
501 1197 638 1264 tantdm.
675 1197 763 1260 Unde
797 1196 894 1260 talem
925 1213 980 1258 re-
1031 1197 1230 1271 paupertatis
1256 1194 1374 1260 faceret
1391 1199 1580 1280 religionem
1597 1204 1820 1282 perfectiorem

186 1277 341 1362 ligionem
369 1281 458 1344 decet
487 1281 660 1373 paupertas
685 1277 757 1340 talis
784 1293 856 1356 quse
881 1275 980 1338 mini·
1031 1271 1207 1336 secundirm
1216 1275 1372 1355 bocquod
1382 1284 1430 1341 est
1440 1281 1625 1374 pauperior,
1637 1302 1702 1346 non
1713 1290 1820 1350 tamen

187 1375 274 1423 mam
287 1361 534 1424 sollicitudinem
553 1361 691 1438 ingerat.
707 1353 915 1418 Manifestum
930 1357 979 1418 est
1031 1348 1150 1443 faceret
1163 1370 1234 1416 eam
1249 1354 1470 1434 perfectiorem
1485 1361 1672 1440 simpliciter
1687 1385 1694 1424 ι
1711 1373 1822 1444 posset

187 1441 296 1501 autem
329 1441 415 1520 qnbd
446 1439 614 1501 minimam
647 1435 895 1500 sollicitudinem
926 1435 980 1496 in·
1031 1448 1118 1492 enim
1136 1450 1207 1527 esse
1227 1435 1314 1513 qudd
1332 1436 1397 1499 alia
1414 1439 1528 1520 religio
1540 1441 1708 1506 excederet
1722 1446 1755 1506 in
1769 1446 1819 1508 bis

187 1517 270 1600 gerit
300 1537 492 1582 conservare
524 1537 575 1582 res
609 1518 684 1580 usui
714 1515 882 1577 hominum
915 1533 980 1576 ne-
1030 1526 1104 1602 que
1123 1517 1285 1589 pertinent
1302 1513 1342 1576 ad
1360 1519 1589 1582 continentiam
1611 1526 1644 1583 et
1664 1524 1821 1586 obedien·
1908 1539 1911 1552 ¹

187 1599 345 1662 cessarias
377 1603 520 1678 tempore
551 1613 695 1678 congruo
710 1599 912 1674 procuratas.
937 1593 978 1654 Et
1030 1594 1125 1664 tram3
1143 1599 1173 1652 et
1186 1594 1233 1654 sic
1246 1599 1331 1656 esset
1342 1595 1530 1676 simpliciter
1543 1599 1725 1679 perfectior,
1741 1605 1819 1682 quia

186 1675 258 1739 ideb
286 1679 388 1741 tribus
415 1677 567 1758 gradibus
592 1677 788 1758 religionum
814 1690 979 1753 suprapo-
1030 1668 1116 1747 quod
1137 1671 1170 1732 in
1193 1673 1380 1738 melioribus
1401 1676 1541 1754 excedit,
1565 1683 1613 1742 est
1632 1681 1819 1762 simpliciter

187 1756 257 1818 sitis
291 1759 408 1852 triplex
438 1759 555 1839 gradus
587 1753 786 1836 paupertatis
815 1753 976 1832 competit.
1029 1748 1156 1812 melius.

186 1835 266 1898 llam
294 1835 357 1900 illrs
386 1837 693 1919 religionibusque
721 1835 913 1896 ordinantur
938 1831 979 1896 ad
1070 1828 1483 1898 Adsecundumdicendum
1513 1837 1576 1900 ubd
1612 1841 1718 1904 arboc
1754 1845 1818 1904 uod

189 1917 374 1996 corporales
403 1919 545 1981 actiones
572 1917 685 1979 active
709 1915 801 1988 rite,
828 1911 979 1992 competit
1028 1905 1184 1972 Dominus
1207 1911 1284 1974 dicit
1302 1914 1415 1977 Mattb.
1431 1916 1462 1990 6,
1478 1855 1539 1977 31ι
1593 1920 1666 1982 otiis
1689 1859 1819 1986 solliciti

53 2051 56 2058 ,
187 1993 306 2058 habere
343 1997 573 2060 abundantiam
608 1994 794 2058 divitiarum
827 2010 978 2055 courmu-
1029 2003 1090 2046 esse
1105 1989 1139 2051 in
1153 1993 1341 2063 crastinus,
1358 2012 1423 2056 non
1436 1996 1624 2077 intelligitur
1638 1999 1723 2078 quod
1738 2002 1818 2063 nibil

187 2075 278 2134 nium
295 2095 303 2134 r
317 2075 381 2137 illis
397 2083 505 2140 autem
520 2074 817 2155 religionibusque
831 2076 906 2134 sunt
921 2089 978 2134 or-
1029 2074 1212 2132 reserretur
1229 2071 1263 2133 in
1284 2071 1428 2135 futurum
1447 2095 1454 2134 :
1471 2075 1532 2138 hoc
1551 2077 1637 2139 enim
1655 2079 1819 2158 periculo-

184 2151 301 2216 dinatu
321 2155 361 2220 ad
383 2155 680 2234 contemplandum,
701 2151 803 2232 magis
828 2151 978 2230 competit
1029 2163 1102 2207 sum
1125 2167 1194 2212 esse
1218 2151 1331 2214 beatus
1353 2155 1513 2217 Antonius
1535 2155 1569 2217 in
1585 2157 1817 2223 collationibus

185 2231 305 2296 babere
330 2236 550 2313 possessiones
575 2234 772 2305 moderatae,
795 2231 857 2292 nisi
880 2230 977 2292 simul
1027 2225 1170 2317 Petrum,
1186 2229 1293 2293 collat.
1308 2231 1340 2307 2,
1356 2250 1426 2312 cap.
1440 2233 1471 2308 D,
1487 2235 1572 2298 circa
1591 2237 1688 2312 med,
1703 2241 1818 2300 osteu-

184 2316 436 2470 futilitate
446 2314 619 2456 littei
632 2309 977 2472 iiitisitliiele
1027 2303 1818 2476 tilietiilieitltteeueuitti

1398 2437 1406 2467 ,
1779 2449 1782 2456 ,

186 2470 280 2532 nire:
299 2472 362 2536 illis
386 2480 494 2536 autem
523 2489 595 2552 qum
618 2472 810 2534 ordinantur
834 2469 874 2532 ad
896 2486 977 2530 con-
1030 2487 1044 2520 ι
1056 2466 1153 2528 unius
1168 2466 1231 2528 diei
1245 2469 1368 2532 victum
1388 2472 1533 2546 sibimet,
1554 2491 1696 2538 unumve
1715 2474 1818 2540 dena-

185 2551 339 2629 templata
356 2552 428 2615 aliis
447 2551 614 2626 tradenda,
630 2552 782 2630 competit
797 2549 894 2611 vitam
911 2549 977 2610 ha·
1030 2545 1140 2606 «rium
1161 2565 1330 2628 superesse
1350 2553 1550 2630 paterentur,
1570 2558 1601 2614 et
1619 2553 1684 2617 alia
1699 2554 1818 2635 hujus-

185 2629 466 2696 beremaximdab
480 2631 694 2694 exterioribus
707 2627 975 2692 sollicitudinibus
1030 2625 1141 2686 «modi
1160 2625 1324 2702 facientes,
1346 2633 1391 2694 ita
1410 2631 1545 2694 vidimus
1568 2632 1700 2712 repente
1722 2633 1817 2695 dece-

185 2708 392 2788 expeditam:
412 2711 499 2790 quod
523 2711 653 2790 quidem
679 2711 728 2784 tit,
752 2705 828 2770 ddm
851 2707 976 2770 modica
1029 2707 1138 2780 «ptos,
1155 2710 1191 2768 ut
1201 2714 1369 2798 arreptum
1384 2727 1465 2788 opus
1484 2729 1549 2774 non
1563 2714 1727 2792 potuerint
1741 2730 1817 2775 con-

185 2795 348 2866 quaesunt
363 2791 546 2854 necessaria
560 2791 652 2863 rite,
673 2805 818 2868 congruo
833 2793 976 2866 tempore
1029 2800 1138 2873 «grue
1156 2789 1247 2848 exitu
1263 2789 1474 2868 terminare.»
1494 2790 1545 2865 Et,
1561 2796 1597 2852 ut
1614 2793 1815 2872 Augustinus

185 2875 359 2945 procurata
389 2879 633 2933 conservantur.
665 2871 705 2930 Et
732 2869 794 2930 boc
817 2867 974 2928 Dominus
1027 2859 1103 2923 dicit
1129 2863 1162 2925 iu
1186 2865 1241 2927 lib.
1265 2866 1302 2930 de
1323 2867 1416 2947 Oper.
1444 2871 1607 2946 monach,
1628 2889 1699 2965 cap.
1722 2871 1772 2945 23,
1796 2869 1817 2936 d

184 2951 385 3086 gaupertatis
408 2951 574 3013 institutor
593 2949 701 3012 docuit
722 2964 782 3010 suo
802 2946 973 3026 exemplo:
1028 2940 1124 3018 med,
1140 2945 1193 3006 ssi
1205 2945 1267 3008 boc
1281 2949 1415 3010 verbum
1427 2949 1556 3012 Domini
1572 2971 1579 3010 ι
1598 2951 1706 3014 Nolite
1724 2950 1817 3014 solti-

208 3029 324 3091 abebat
345 3030 430 3093 enim
455 3028 579 3092 loculos
599 3025 689 3090 iudae
710 3027 919 3100 commissos,
941 3025 975 3086 in
1030 3024 1113 3086 «citi
1134 3042 1195 3084 esse
1215 3027 1250 3088 iu
1271 3029 1453 3096 crastinus,
1477 3031 1522 3092 ita
1547 3030 1758 3111 intelligatur,
1780 3034 1818 3091 ut

183 3107 303 3244 guibus
319 3108 578 3172 recondebantur
594 3109 624 3172 ei
644 3107 765 3182 oblata,
781 3109 817 3168 ut
838 3107 976 3168 babetur
1029 3101 1136 3164 «nihil
1162 3104 1195 3165 in
1219 3107 1395 3169 crastinum
1421 3115 1608 3187 reponatur,
1634 3127 1698 3170 non
1720 3115 1817 3188 pote-

202 3203 277 3248 uuu.
291 3187 340 3248 12,
1029 3186 1134 3244 «runt
1157 3183 1219 3246 ista
1241 3203 1373 3250 servare
1392 3187 1449 3265 qui
1473 3206 1508 3250 se
1531 3189 1724 3266 permultos
1748 3189 1815 3251 dies

224 3265 288 3329 Nec
310 3270 417 3332 obstat
437 3269 525 3348 quod
545 3267 667 3332 Hieron
690 3284 762 3329 mns
783 3265 860 3328 dicit
878 3282 916 3326 su
959 3282 977 3326 r
1029 3258 1076 3322 «1
1106 3269 1280 3340 conspectu
1312 3264 1479 3328 hominum
1505 3272 1670 3345 separatos
1704 3269 1816 3330 inclu-

183 3344 311 3437 ldattb,
330 3347 435 3409 infin.
452 3351 622 3410 comment.
639 3287 731 3410 adca
757 3346 831 3418 .1u,
848 3343 913 3423 qud
947 3344 975 3404 si
1029 3338 1150 3432 odunt,
1173 3343 1317 3406 virentes
1342 3345 1375 3406 in
1397 3343 1516 3425 magud
1537 3345 1714 3409 intentione
1733 3365 1815 3410 ora-

184 3441 253 3504 puss
272 3425 403 3507 objicere
422 3426 573 3496 notauit,
591 3365 861 3508 quomodgfudus
878 3441 976 3503 pecu-
1029 3425 1226 3481 itionum.»
1251 3423 1290 3484 Et
1315 3427 1427 3504 postea
1449 3424 1557 3488 subdit
1593 3446 1639 3486 :u
1665 3428 1715 3487 An
1735 3425 1815 3488 torte

184 3503 269 3565 niam
287 3505 450 3599 inlocalis
467 3505 633 3588 pertubat,
649 3503 871 3585 respondemus
892 3501 976 3583 qudd
1029 3499 1131 3638 “W
1146 3506 1222 3593 suut
1247 3503 1436 3578 sanctiores,
1461 3504 1500 3568 ed
1526 3509 1603 3568 sunt
1619 3506 1815 3600 ‘volucribus

183 3585 976 3736 {attile‘utitittittttti‘iiiiii}
1026 3599 1061 3718 l„
1075 3580 1815 3746 titillet{bittitirtillbvtieir

184 3741 258 3833 illos
273 3761 431 3823 pauperes
446 3744 605 3824 precipue
619 3748 712 3806 erant
722 3743 791 3822 ejus
800 3681 952 3819 discipuli
965 3785 973 3814 ,
1029 3761 1042 3794 ι
1056 3742 1092 3798 ut
1106 3738 1187 3800 nibil
1202 3744 1363 3820 reponant
1378 3743 1412 3804 in
1432 3744 1620 3818 crastiuum,
1637 3743 1815 3808 rectissimi

186 3840 218 3882 ιιι
241 3840 380 3902 quorum
406 3824 612 3887 necessitates
633 3823 771 3903 pecunia
793 3821 974 3882 loculorum
1029 3818 1343 3897 «respondentztiur
1351 3839 1430 3903 ergo
1445 3822 1513 3902 ipse
1525 3823 1681 3886 Dominus
1692 3824 1815 3886 loculos

184 3899 302 3965 Christi
319 3905 572 3984 expendebatur.
592 3903 715 3966 Dicitur
732 3901 819 3964 enim
831 3901 924 3962 ioan.
942 3897 973 3972 i,
1028 3897 1179 3973 «babuit,
1191 3901 1246 3961 ubi
1260 3902 1431 3980 pecuniam
1444 3903 1610 3965 collectam
1623 3922 1658 3965 re
1682 3905 1816 3966 oneret?

183 3979 215 4054 8,
229 3982 315 4060 qubd
328 3983 478 4064 discipuli
492 3983 633 4046 obierant
646 3983 681 4044 iu
695 3981 863 4056 civitatem,
875 3987 912 4042 ut
927 3980 975 4043 ci·
1009 4007 1014 4022 .
1029 3976 1120 4039 «eur
1135 3979 1225 4070 tuntb
1239 3985 1326 4056 ante,
1342 3981 1424 4044 fame
1438 3981 1637 4058 imminente,
1653 3921 1816 4046 &omenta

184 4057 239 4121 bos
253 4071 402 4134 emersum
416 4066 447 4124 et
459 4062 673 4138 loan.13,29,
693 4061 810 4124 dicitur
823 4059 909 4139 qudd
928 4059 975 4120 di·
1028 4061 1174 4150 «sanctis
1191 4060 1336 4138 patribus
1354 4062 1453 4124 missa
1468 4063 1562 4124 suut?
1583 4062 1649 4125 Cur
1669 4061 1814 4141 Apostoli

184 4141 229 4202 sci
252 4142 298 4202 nli
315 4143 483 4223 potabunt,
501 4144 575 4225 quia
587 4140 844 4206 locutoriabsbat
861 4139 972 4208 ludar,
1028 4137 1178 4200 «sicinus
1201 4140 1490 4204 entiesanctorum
1510 4147 1692 4205 necessaria
1706 4160 1816 4221 procu·

183 4159 268 4312 qugd
281 4221 413 4285 dixisset
427 4225 456 4286 ei
467 4225 581 4286 Jesus':
594 4223 673 4284 Eme
687 4237 887 4302 eoquoeopus
899 4228 974 4312 suut
1028 4157 1220 4312 rnrdruntffs
1239 4219 1331 4296 Quod
1357 4239 1434 4302 ergo
1454 4220 1708 4285 diciturtNolite
1727 4221 1815 4285 soili-

182 4297 274 4360 nobrs
295 4301 336 4362 ud
354 4303 433 4363 diem
453 4305 574 4384 festum,
598 4309 654 4365 out
672 4311 708 4364 ut
731 4301 831 4382 egenis
853 4299 975 4380 otium
1028 4307 1082 4360 cite
1104 4315 1165 4358 esse
1185 4300 1219 4364 iu
1235 4301 1422 4369 crastinum,
1446 4298 1622 4364 secuudum
1648 4301 1816 4381 Hierony-

183 4377 283 4440 daret.
299 4380 349 4440 lix
365 4398 431 4459 quo
452 4386 541 4459 patet
559 4381 646 4461 qnbd
664 4397 858 4445 conservare
872 4398 975 4458 pecu-
1026 4395 1127 4452 mum,
1138 4378 1171 4437 in
1186 4377 1274 4441 hunc
1287 4378 1406 4450 locum,
1417 4379 1464 4440 sic
1477 4381 1650 4458 exponitur
1666 4399 1674 4442 ι
1689 4382 1815 4464 Sufficit

183 4458 270 4520 niam
283 4464 339 4521 ant
349 4476 571 4554 quascumque
581 4461 662 4524 alies
673 4480 725 4523 res
734 4477 921 4522 communes
933 4459 974 4551 ad
1026 4455 1128 4549 nobis·
1139 4459 1302 4535 presentis
1322 4465 1381 4520 tem
1404 4460 1469 4521 oris
1493 4461 1665 4539 cogitatio,-
1683 4463 1812 4544 sutura,

183 4540 450 4602 sustentationem
469 4541 695 4620 religiosorum
714 4539 972 4618 congregationis
1026 4552 1093 4674 gun
1115 4542 1235 4597 secata
1253 4543 1344 4605 sunt,
1364 4476 1428 4598 lfao
1446 4536 1674 4619 relinquamus:
1700 4559 1815 4604 secun-

182 4617 337 4698 ejusdem,
349 4620 399 4682 vel
409 4635 689 4699 quorumcumque
701 4619 839 4681 alionum
874 4633 973 4696 aupe-
1046 4611 1101 4676 dm
1121 4613 1385 4710 Cbrgsostomum
1400 4617 1516 4698 (alium
1537 4620 1812 4692 auctorem,bom.

181 4715 267 4773 rum,
279 4705 327 4762 est
339 4700 527 4782 perfectioni
538 4699 701 4762 conforme
713 4713 812 4777 qnam
826 4636 971 4760 CRristus
1026 4693 1065 4756 16
1080 4694 1112 4754 in
1122 4693 1328 4790 Op.rmperf.,
1338 4695 1424 4760 circa
1433 4695 1503 4778 fin.)
1513 4698 1575 4763 sic:
1585 4701 1711 4782 Sufficit
1724 4697 1814 4762 labor

181 4777 291 4840 docuit
308 4798 367 4842 suo
382 4781 542 4859 exemplo.
558 4779 659 4842 Sedet
670 4777 818 4857 discipuli
831 4782 905 4856 post
920 4795 971 4839 re-
1126 4781 1248 4855 potcrrs
1260 4783 1396 4856 propter
1411 4781 1601 4851 mcessorim
1619 4780 1689 4843 noti
1706 4797 1814 4860 super·

182 4861 426 4933 surrectionem,
445 4858 465 4922 i
481 4861 599 4938 quibus
616 4859 720 4920 omnis
739 4857 854 4938 religio
876 4874 972 4920 sum·
1047 4853 1205 4934 uiprosu
1227 4855 1332 4995 1141111
1342 4854 1502 4929 laborare:
1517 4857 1691 4924 secuudum
1704 4859 1814 4940 dugu-

181 4938 244 5078 Esit
263 4941 439 5020 originem,
461 4941 564 5018 pretia
583 4937 777 5018 prediorum
796 4954 973 5002 conserua·
1025 4935 1157 5008 stinum,
1181 4873 1237 4998 111.
1299 4935 1338 4999 de
1361 4935 1461 4999 Serm.
1487 4938 1615 5001 Domini
1637 4940 1670 5000 in
1692 4945 1811 5014 monte,

203 5020 560 5092 aut‚etdistribuebant,
568 5021 665 5100 prout
675 5019 791 5098 cuique
800 5033 882 5097 opus
889 5021 968 5082 erat.
1025 5032 1096 5094 cap.
1114 5015 1164 5089 11,
1176 5015 1334 5094 aliquant.
1351 5013 1372 5080 i
1386 5017 1503 5098 princ,
1516 5019 1564 5081 sic
1579 5039 1587 5078 ι
1602 5017 1682 5082 Cim
1693 5019 1813 5101 aliquid

222 5097 269 5158 Ad
285 5101 424 5178 primum
439 5117 475 5162 er
495 5098 696 5161 edicendum
712 5097 811 5177 qubd,
825 5098 910 5160 sicut
921 5097 972 5158 di-
1025 5093 1101 5159 boni
1119 5112 1298 5176 opernm,
1314 5114 1381 5159 ocu
1400 5097 1600 5178 immoratio,
1613 5116 1678 5179 pue
1692 5099 1813 5180 signifi-

182 5183 268 5240 ctum
282 5184 331 5241 est
347 5183 459 5258 quest.
474 5117 543 5252 181,
561 5183 622 5242 art.
634 5178 664 5254 3,
681 5179 714 5238 in
727 5195 829 5256 corp„
841 5181 872 5239 et
884 5177 923 5240 ad
939 5178 969 5253 1,
1025 5183 1138 5237 cuntur
1154 5193 1212 5256 per
1231 5179 1411 5248 crastinus,
1431 5177 1484 5238 sed
1500 5186 1616 5239 eterne
1632 5180 1809 5258 cogitemus.

174 5275 222 5320 ex
243 5258 301 5320 illo
321 5261 417 5322 verbo
439 5258 568 5319 Domini
588 5276 653 5321 non
675 5257 865 5338 intelligitur
884 5256 971 5336 qndd
1064 5255 1111 5318 Ad
1128 5255 1257 5319 tertium
1270 5257 1439 5321 dicendum
1454 5256 1684 5335 qubdverbum
1699 5257 1813 5319 fliero-

181 5337 252 5418 ipsa
266 5341 439 5419 paupertas
455 5337 495 5398 sit
512 5338 681 5415 perfectio,
696 5339 750 5400 sed
764 5337 970 5416 perfectionis
1024 5336 1113 5431 ngmi
1123 5336 1221 5399 habet
1231 5335 1338 5401 locum
1352 5337 1408 5399 ubi
1423 5341 1500 5399 sunt
1511 5336 1811 5418 superabundantes

181 5415 447 5491 instrumentum
460 5421 501 5490 et,
510 5418 592 5478 sicut
600 5419 764 5479 ostensum
773 5420 821 5478 est
832 5435 889 5495 qu.
899 5416 969 5494 186,
1024 5415 1152 5490 divitie,
1168 5435 1240 5496 que
1250 5416 1410 5480 habentur
1423 5417 1517 5494 quasi
1531 5417 1681 5558 propriu,
1690 5417 1742 5480 vel
1755 5434 1812 5495 per

181 5501 243 5560 art.
256 5496 288 5572 8,
303 5499 472 5560 minimum
485 5503 533 5558 est
547 5497 632 5557 inter
643 5497 705 5558 tria
715 5497 906 5574 principalia
921 5497 971 5559 in·
1023 5513 1163 5575 quarum
1177 5498 1316 5560 abusum
1331 5495 1427 5558 etiam
1441 5495 1535 5578 singu
1549 5497 1560 5559 i
1574 5497 1612 5560 de
1630 5497 1813 5560 communi-

181 5579 361 5642 strumenta
383 5575 588 5657 perfectionis
606 5596 613 5635 ι
633 5593 707 5639 nam
730 5581 840 5637 votum
864 5578 971 5639 conti·
1024 5580 1089 5639 tate
1099 5575 1290 5655 superbiunt
1305 5580 1337 5636 et
1347 5574 1537 5651 lasciviunt3
1551 5593 1618 5640 non
1632 5582 1740 5640 autem
1751 5576 1813 5638 ba-

181 5657 300 5719 nentire
315 5656 498 5735 praeeminet
509 5661 583 5717 voto
595 5655 806 5735 paupertatis,
818 5660 969 5718 etvotum
1024 5657 1077 5718 bet
1087 5655 1195 5718 locum
1212 5655 1247 5717 in
1266 5654 1384 5716 divitiis
1399 5653 1584 5730 moderatis,
1600 5655 1813 5720 communiter

181 5736 369 5800 obedientie
383 5735 550 5815 prefertur
563 5736 705 5814 utrique.
727 5735 810 5811 Quia
823 5734 900 5797 verb
912 5737 970 5796 in-
1023 5735 1220 5798 conservatis
1245 5733 1285 5796 ad
1308 5734 1410 5797 solam
1431 5737 1698 5799 sustentationem
1721 5735 1810 5811 vitu,

182 5818 393 5880 strumentum
418 5833 483 5878 non
508 5821 640 5897 propter
664 5833 698 5878 se
724 5815 890 5894 quaeritur,
914 5814 969 5877 sed
1023 5813 1088 5895 qud
1108 5815 1226 5894 singuli
1247 5813 1400 5894 indigent.
1421 5815 1539 5879 Eadem
1557 5815 1643 5878 enim
1663 5820 1712 5879 est
1729 5814 1811 5878 ratio

182 5899 313 5976 propter
333 5895 440 5972 tinem,
455 5913 520 5958 non
540 5895 630 5962 tautd
650 5894 772 5975 aliquid
794 5894 829 5956 tit
852 5894 966 5958 melius
1022 5893 1109 5974 quiid
1132 5892 1249 5972 singuli
1269 5897 1403 5957 utantur
1423 5895 1473 5958 bis
1493 5913 1566 5975 qum
1588 5897 1750 5976 pertinent
1771 5893 1811 5957 ad
