4120 6338
284 345 337 411 no
417 339 421 344 ’
726 331 856 393 sonan
875 325 1104 391 nasouosrcn
1122 329 1280 390 sacuam
1299 305 1480 394 secanam.
1636 349 1639 354 ·
1864 341 1923 404 ,ω

282 443 342 528 bra
357 456 501 541 eorporis
524 452 654 527 Christi,
670 445 886 513 liberanturd
905 448 977 528 lege
992 449 1077 511 sub-
1130 445 1347 512 inobedientia
1357 467 1423 512 non
1434 451 1475 512 sit
1484 467 1650 530 peecatum
1663 455 1924 524 mortaleomne

281 541 441 625 iectionis,
450 538 516 619 qut
524 531 723 602 secularibus
730 528 930 611 principibus
937 529 1078 592 obstrin·
1130 521 1216 588 enim
1230 536 1396 605 peccatum
1410 536 1459 592 est
1469 529 1697 608 inobedientia,
1712 538 1750 597 ut
1762 540 1850 616 patet
1864 557 1924 618 per

284 625 456 705 genantur,
705 693 708 698 Δ
1129 605 1346 670 definitionem
1381 610 1544 673 Ambrosii
1582 611 1732 692 superius
1761 617 1921 696 positam,

323 704 353 764 3.
374 703 544 772 Praeterea,
568 691 761 766 latronibus,
783 689 840 784 qui
864 705 923 769 per
944 687 1077 751 riolcu-
1129 690 1242 824 guest.
1257 705 1367 766 praec,
1381 695 1442 752 art.
1456 689 1487 766 2,
1512 708 1581 773 arg.
1601 694 1631 755 1.
1652 693 1684 755 Si
1704 712 1782 776 erqo
1799 695 1922 760 inobe-

282 783 360 846 tiam
373 779 571 861 opprimunt,
582 774 729 836 homiues
740 768 869 832 obedire
882 783 949 830 non
965 770 1077 829 tenen·
1150 771 1249 828 rentra
1265 770 1349 829 esset
1359 773 1525 846 peccatum
1539 773 1685 849 mortale,
1697 790 1793 838 omne
1807 794 1923 856 pecca·

282 866 346 925 tur.
364 859 423 924 Sed
443 860 493 920 Au
515 855 642 920 ustinus
664 851 741 913 dicit
763 849 796 911 in
810 848 839 909 b..
853 848 893 910 de
916 846 1074 922 Civ.1)ei,
1129 846 1198 906 tum
1213 851 1297 908 esset
1317 850 1463 912 mortale.

282 959 353 1021 cap.
367 940 398 1015 b,
412 940 445 1032 in
462 955 566 1031 prmo.
585 954 593 995 ε
609 932 736 1026 Remotd
748 928 888 1024 institit.
907 926 985 1007 qnid
1002 932 1077 1066 ogni
1168 922 1198 984 2.
1218 926 1395 1068 micres,
1425 929 1599 1071 Gregorius
1628 933 1704 1028 dicit
1716 935 1764 1030 ,³0
1788 935 1919 1030 bloral„

281 1004 1077 1179 ttaatatibtttttttttibialia
1128 1020 1218 1145 tit..
1234 1005 1923 1176 tn,attathtttltttiattht
2029 1103 2030 1154 .

281 1177 438 1261 injustitia
452 1178 676 1246 exerceantur,
698 1169 748 1233 rel
763 1169 805 1231 ab
824 1164 935 1261 aliqua
956 1161 1076 1306 inpasti
1129 1167 1236 1226 catum
1250 1167 1396 1230 mortale.
1412 1169 1498 1250 Ergo
1513 1187 1573 1234 uec
1588 1172 1816 1238 inobedientia.
2029 1181 2030 1214 ³

280 1259 494 1338 usurpatione
508 1251 703 1337 principium
720 1248 927 1327 sumpserant,
950 1263 981 1308 vr
1004 1248 1076 1306 etur
1169 1241 1199 1336 3ἶ
1218 1245 1386 1320 Praeterea,
1400 1251 1481 1310 tunc
1496 1249 1613 1313 dicitur
1629 1251 1746 1331 aliquis
1760 1271 1832 1318 esse
1848 1255 1922 1318 ino-

303 1339 367 1402 uod
389 1355 455 1400 non
481 1335 522 1397 sit
543 1330 743 1430 principibus
769 1325 970 1390 secularibus
992 1324 1077 1386 obe-
1129 1321 1272 1416 bediens
1289 1325 1419 1402 quaudo
1440 1329 1616 1409 superioris
1639 1337 1832 1412 preceptum
1852 1351 1919 1398 non

281 1357 430 1484 arenam„
444 1410 678 1482 achnstianis.
1128 1402 1248 1480 implet.
1274 1403 1333 1465 Sed
1359 1408 1542 1486 superiores
1569 1411 1730 1474 multoties
1755 1419 1918 1494 praecepta

320 1498 380 1562 Sed
394 1495 517 1560 'contra
530 1498 579 1556 est
599 1488 685 1568 qnod
705 1486 823 1549 dicitur
843 1483 882 1549 ad
901 1486 963 1546 Tit.
982 1483 1013 1558 3,
1035 1481 1074 1544 1:
1128 1481 1361 1561 multiplicant,
1379 1503 1452 1564 quae
1466 1488 1532 1564 vix,
1548 1492 1606 1552 aut
1620 1489 1788 1569 nunquam
1806 1493 1917 1558 omnia

281 1578 420 1642 Admone
431 1575 515 1648 illos,
526 1566 730 1653 principibus
743 1563 986 1647 etpotestntibns
996 1561 1077 1624 snb·
1128 1567 1263 1638 possunt
1277 1564 1453 1627 observari.
1470 1565 1501 1627 Si
1516 1585 1593 1648 erqo
1608 1569 1825 1634 inobedientia
1834 1576 1924 1636 esset

282 1658 368 1720 ditos
388 1675 469 1724 esse,·
496 1657 527 1714 ct
547 1651 562 1712 1
582 1648 666 1711 Petri
689 1643 962 1724 a,13:snbjeect
982 1648 1076 1704 estote
1127 1643 1917 1728 peecatummortale,sequereturquddhomonon

282 1739 367 1800 omni
391 1735 530 1797 hnmanae
551 1735 701 1792 mentone
715 1732 849 1806 propter
877 1725 987 1792 Deum,
1011 1723 1076 1785 sive
1127 1724 1237 1797 posset
1248 1722 1352 1784 vitare
1363 1726 1499 1787 mortale
1512 1729 1797 1820 peccatnmzqnod
1808 1734 1858 1793 est
1869 1732 1919 1792 ῑῃ.

279 1833 358 1958 ripe,
381 1813 472 1908 qnasi
482 1807 683 1892 praecellenti,
707 1800 911 1868 sinedocibns
930 1801 1076 1883 tnnqndrn
1127 1801 1502 1944 ffivfflfeffigmerffi
1514 1807 1732 1871 inobedientia
1743 1813 1792 1871 est
1804 1827 1920 1890 pecea-
1974 1805 1979 1817 ’

385 1913 414 1954 nr
429 1909 499 1954 ests.
1347 1924 1356 1942 .

280 1915 299 1958 a
320 1913 509 2054 ltegsptindeo
522 1966 690 2030 dicendum
705 1962 792 2044 quod
803 1961 880 2025 tides
898 1959 1015 2023 Christi
1028 1963 1076 2021 est
1157 1957 1227 2050 ‘Sed
1263 1963 1376 2026 contra
1400 1967 1449 2025 est
1469 1963 1557 2043 qudd
1578 1966 1617 2030 ad
1640 1967 1732 2029 Rom.
1756 1968 1829 2044 1‚et
1844 1968 1918 2033 iad

282 2054 411 2116 ‘ustitioe
427 2047 621 2132 principium
631 2049 785 2132 etcausa,
802 2039 979 2104 secundum
998 2038 1075 2132 illud
1127 2037 1249 2112 Trm.3,
1263 2038 1348 2102 inter
1357 2041 1422 2104 alia
1431 2048 1562 2122 peccata
1572 2047 1722 2110 mortalia
1730 2053 1919 2128 computan-

278 2075 372 2195 ilem.
389 2132 420 2208 3,
433 2130 473 2191 22
489 2149 496 2190 :
510 2126 646 2191 lustitia
660 2124 719 2185 Dei
726 2139 784 2201 per
792 2121 886 2261 cdere
893 2121 970 2182 lese
983 2117 1077 2212 Citra·
1128 2119 1181 2178 tur
1189 2117 1376 2196 parentibus
1387 2139 1454 2212 non
1466 2121 1648 2187 obedientes.
1673 2158 1675 2162 ·
2029 2175 2030 2194 ,

280 2213 323 2275 sti
331 2259 340 2284 ,
359 2217 390 2274 et
404 2210 476 2273 ided
493 2226 551 2288 per
564 2205 659 2268 fidem
675 2202 789 2265 JesuC
815 2200 884 2263 risti
903 2215 967 2261 non
983 2199 1077 2260 tollr—
1166 2197 1538 2277 Respondeodrcendum
1576 2203 1918 2286 udd,sicutsupradi·
2028 2195 2030 2266 i

280 2297 334 2354 tur
351 2291 429 2352 ordo
449 2287 592 2370 justitiae,
616 2283 671 2346 scd
693 2280 795 2360 magis
817 2277 1075 2372 firmatur30rdo
1127 2278 1214 2337 otum
1226 2282 1286 2351 est,
1297 2283 1410 2358 quaest.
1422 2279 1543 2354 3b,art.
1552 2222 1605 2358 ii,
1620 2288 1651 2346 ct
1661 2284 1724 2360 1-2,
1735 2293 1851 2365 quaest.
1865 2287 1917 2362 72,

280 2376 389 2434 autem
401 2368 534 2450 justitiae
547 2363 685 2444 requirit
696 2365 733 2422 ut
746 2359 915 2421 interiores
931 2374 998 2420 surs
1017 2374 1076 2418 su·
1128 2359 1191 2417 art.
1203 2353 1234 2430 5,
1250 2361 1281 2417 et
1292 2363 1405 2437 quaest.
1420 2359 1470 2432 88,
1484 2365 1545 2424 art.
1558 2363 1588 2437 1,
1601 2370 1768 2442 peccatum
1782 2367 1918 2430 mortale

280 2451 462 2591 perietibus
480 2441 760 2508 obediant2aliter
776 2439 863 2501 enim
882 2454 947 2498 non
966 2440 1076 2515 posset
1127 2439 1176 2496 est
1198 2435 1284 2513 quod
1308 2439 1525 2502 contrariatur
1548 2440 1716 2519 charitati,
1740 2461 1798 2523 per
1819 2463 1918 2526 quam

240 2583 245 2588 .
303 2546 497 2593 umanarum
512 2542 620 2587 rerum
636 2525 738 2584 status
757 2515 953 2580 conservari.
1128 2517 1176 2574 cst
1192 2513 1369 2593 spiritualis
1384 2520 1460 2581 vita.
1477 2518 1639 2584 charitate
1653 2527 1760 2586 autem
1774 2524 1919 2605 diligitur
2029 2555 2030 2562 .

319 2609 358 2670 lit
378 2607 449 2670 ided
463 2623 521 2685 per
538 2603 633 2665 fidem
647 2599 765 2662 Christi
784 2601 854 2658 hon
877 2601 1076 2659 excusantur
1126 2591 1211 2685 Deus
1227 2598 1258 2655 et
1269 2598 1450 2674 proximus.
1463 2600 1571 2680 Exigit
1584 2606 1693 2664 autem
1707 2603 1847 2666 charitas
1860 2603 1916 2665 Dei

279 2689 387 2750 lideles
401 2688 481 2766 quin
500 2681 701 2765 principibus
723 2675 923 2740 secularibus
945 2675 1075 2736 obedire
1128 2675 1163 2733 ut
1177 2690 1246 2753 epus
1262 2676 1419 2739 mandatis
1438 2679 1616 2757 obediatur,
1633 2686 1669 2742 ut
1686 2699 1786 2762 supra
1798 2683 1918 2752 dictum

279 2772 461 2831 teneantur,
1011 2833 1018 2848 ·
1127 2756 1186 2827 est,
1202 2757 1315 2847 quaest.
1334 2754 1385 2830 21,
1401 2761 1462 2819 art.
1478 2757 1526 2818 12.
1545 2758 1585 2820 Et
1597 2759 1668 2823 ided
1682 2761 1918 2824 inobedientem

320 2845 367 2909 nd
398 2846 539 2925 primum
561 2857 639 2922 ergo
668 2834 837 2900 dicendum
864 2833 968 2916 quod,
993 2836 1076 2894 srcut
1128 2846 1198 2892 esse
1213 2833 1328 2895 drvrnis
1344 2837 1509 2916 praeceptis
1525 2842 1573 2900 est
1586 2845 1752 2919 peccatum
1769 2843 1916 2918 mortale,

280 2942 381 3005 supra
401 2923 597 2992 dictumest,
620 2924 681 2980 art.
707 2933 816 2995 praec,
837 2914 987 2986 servitus,
1010 2911 1076 2991 qua
1127 2911 1222 2989 quasi
1235 2909 1351 2975 divinae
1365 2914 1526 2977 dilectioni
1538 2919 1748 2981 contrarium.

280 3005 377 3066 homo
396 3001 518 3064 homini
536 2997 716 3078 subjicitur,
738 2994 778 3057 ad
793 3010 910 3071 corpus
925 2993 1075 3070 pertinet,
1161 2991 1204 3083 lu
1216 2995 1382 3072 preceptis
1394 2999 1500 3057 autem
1511 2996 1626 3060 divinis
1637 2999 1821 3062 continetur
1832 2999 1918 3080 qudd

280 3100 347 3145 non
365 3082 569 3150 adanimam,
583 3093 656 3157 qua
669 3076 772 3138 libera
784 3077 903 3134 manet.
913 3073 1006 3133 Nunc
1018 3088 1076 3133 au·
1128 3074 1223 3162 stram
1236 3074 1458 3151 superioribus
1474 3077 1653 3140 obediatur.
1669 3079 1708 3140 Et
1728 3079 1799 3142 ided
1821 3081 1918 3142 etiam

279 3167 345 3225 tem
359 3163 393 3222 in
413 3163 499 3222 statu
521 3157 617 3237 hujus
634 3156 707 3217 vitae
721 3171 780 3233 per
801 3151 937 3232 gratiam
957 3150 1076 3213 Christi
1127 3147 1354 3226 inobedientia,
1370 3153 1522 3234 quiquis
1538 3156 1724 3220 inobediens
1739 3163 1787 3221 est
1800 3177 1920 3238 praece·

279 3242 457 3304 liberamur
473 3236 678 3301 ddeloctihus
694 3233 821 3308 animae,
846 3247 912 3292 non
929 3235 1036 3293 autem
1054 3225 1076 3295 a
1127 3229 1190 3368 ptis
1202 3231 1417 3322 superiorum,
1429 3237 1477 3295 est
1487 3240 1652 3314 peceatum
1665 3237 1812 3314 mortale,
1823 3239 1917 3317 quasi

280 3320 455 3384 defectibus
474 3316 630 3396 corporis,
651 3318 688 3374 ut
706 3316 792 3391 patet
812 3311 910 3388 perh
935 3309 1076 3371 ostolum
1148 3325 1242 3370 rrruae
1252 3309 1413 3374 dilectioni
1429 3315 1639 3392 contrarium,
1651 3315 1828 3380 secundum
1840 3318 1919 3379 illud

280 3401 372 3463 Rom.
388 3399 419 3472 7,
440 3397 490 3470 23,
505 3395 562 3474 qui
579 3395 655 3456 dicit
669 3393 707 3454 de
727 3391 846 3470 seipse,
869 3329 955 3468 quid
976 3395 1077 3482 mente
1128 3387 1166 3478 ad
1180 3387 1271 3481 Rom.
1282 3389 1337 3482 13,
1355 3391 1471 3468 2:Qnt
1478 3396 1630 3473 potestati
1641 3396 1771 3472 resistit,
1787 3398 1847 3458 Dei
1864 3415 1920 3458 or.

279 3481 376 3543 reroit
397 3477 458 3560 leqi
474 3477 532 3537 Dei
543 3523 551 3544 ,
576 3491 668 3536 corne
692 3480 793 3533 antem
806 3469 867 3550 leqi
881 3475 1014 3562 peccate.
1035 3469 1076 3530 Et
1127 3465 1286 3560 denotanda
1304 3471 1435 3533 resistit.
1451 3471 1675 3538 contrariatur
1690 3476 1919 3556 insuperdile-

280 3558 352 3621 ided
365 3559 412 3619 illi
423 3557 480 3637 qui
492 3555 574 3617 liunt
588 3552 646 3614 tilii
662 3551 721 3613 Dei
735 3567 793 3629 per
812 3549 961 3629 gratiam,
981 3547 1076 3610 liberi
1128 3548 1225 3609 ottoni
1241 3548 1381 3626 proximi
1394 3595 1402 3624 ,
1414 3550 1447 3613 in
1462 3557 1622 3629 quantum
1635 3556 1795 3635 superiori
1808 3557 1918 3635 proxi·

178 3699 183 3710 ,
280 3643 357 3701 sunt
370 3635 390 3702 a
404 3633 564 3716 spirituali
579 3631 732 3694 servitute
746 3628 881 3708 peccati,
895 3632 1076 3689 nonautem
1126 3642 1179 3686 mo
1196 3627 1357 3691 subtrahit
1370 3630 1586 3696 obedientiam
1599 3651 1699 3712 quam
1711 3635 1740 3698 ci
1755 3635 1858 3698 debet.

279 3717 300 3783 tl
316 3718 470 3782 servitute
485 3711 661 3791 corporali,
678 3707 744 3788 qua
758 3705 988 3786 temporalibus
1012 3706 1077 3768 do-
1166 3705 1215 3767 hd
1228 3706 1367 3785 primum
1377 3727 1454 3789 erqo
1464 3711 1633 3774 dicendum
1643 3713 1728 3794 qndd
1741 3714 1797 3778 illa
1808 3714 1919 3778 defini-

280 3798 377 3859 minis
394 3799 544 3858 tenentur
561 3789 716 3863 adstricti,
731 3792 768 3848 ut
784 3785 860 3847 dicit
879 3786 995 3848 Glossa
1015 3803 1076 3846 or-
1126 3785 1171 3848 tio
1185 3786 1345 3849 Ambrosii
1362 3787 1457 3850 datur
1470 3789 1509 3852 de
1525 3797 1657 3871 peccato
1671 3793 1819 3870 mortali,
1832 3793 1917 3872 quod

280 3876 360 3950 dim,
373 3893 472 3954 snper
499 3870 577 3932 illud
592 3869 608 3930 1
623 3868 663 3932 ad
676 3865 816 3929 Timoth.
831 3865 850 3925 6
863 3885 870 3926 :
884 3863 1075 3946 Quicumque
1127 3862 1223 3927 habet
1234 3865 1408 3945 perlectam
1428 3871 1550 3948 peccati
1564 3872 1734 3936 rationem.
1750 3874 1917 3936 Peccatum
2029 3891 2030 3898 ¹

279 3963 353 4018 snnt
364 3953 420 4017 snb
426 3953 506 4033 jano
520 3949 614 4016 serni,
627 3951 687 4010 etc.
1127 3948 1235 4006 autem
1246 3945 1373 4008 veniale
1383 3953 1506 4010 nonest
1515 3950 1732 4016 inobedientia
1742 3972 1750 4013 ε
1762 3953 1840 4032 quia
1853 3970 1916 4014 non

320 4031 554 4096 adserendum
568 4027 736 4088 dicendum
748 4023 835 4103 qudd
851 4023 906 4086 lex
915 4027 1006 4088 retus
1016 4021 1076 4085 iuit
1127 4027 1175 4085 est
1185 4029 1299 4088 contra
1309 4031 1514 4107 praeceptum,
1526 4029 1915 4111 sedpraeterpreeeptnm.

280 4105 708 4194 liguranoviTestamenti3
737 4101 852 4166 etided
871 4102 980 4164 debuit
999 4121 1076 4164 ces·
1126 4101 1191 4165 Nec
1207 4105 1303 4166 etiam
1318 4121 1413 4170 omne
1431 4114 1599 4185 peccatum
1619 4113 1755 4179 mortale
1772 4116 1820 4173 est
1841 4111 1918 4173 ino—
2029 4119 2030 4156 1

281 4211 371 4266 sare,
389 4190 522 4255 veritate
533 4185 693 4251 veniente.
708 4184 896 4244 Nonautem
911 4185 960 4244 est
971 4182 1074 4244 simile
1126 4183 1298 4257 bedientia,
1309 4185 1440 4264 proprid
1452 4192 1483 4248 et
1497 4206 1555 4267 per
1564 4205 1599 4250 se
1612 4190 1787 4270 loquendo,
1799 4190 1853 4252 sed
1867 4209 1917 4253 so·

280 4273 319 4336 de
341 4273 411 4350 lege
430 4265 585 4341 humana,
601 4280 773 4345 perquam
793 4260 890 4323 homo
905 4261 1075 4342 subjicitur
1126 4258 1193 4323 ldm
1209 4265 1287 4324 tunc
1298 4265 1430 4343 quando
1451 4267 1569 4346 aliquis
1587 4278 1781 4350 preceptum
1802 4276 1917 4332 conte-

279 4351 403 4414 homini
418 4369 425 4410 ε
443 4352 474 4412 et
490 4351 597 4411 tamen
613 4344 709 4406 etlam
721 4341 844 4421 exlege
859 4339 1074 4406 divindhomo
1126 4341 1227 4414 mnit,
1252 4342 1331 4421 quia
1354 4361 1396 4405 ex
1415 4344 1479 4408 tlne
1502 4349 1641 4411 morales
1663 4356 1755 4412 actus
1779 4351 1916 4427 speciem

280 4435 407 4494 tenetur
421 4428 544 4490 homini
558 4424 699 4488 obedire.
1125 4419 1257 4483 habent.
1269 4421 1349 4484 Cdm
1358 4427 1466 4487 autem
1483 4424 1558 4489 iacit
1572 4428 1695 4507 aliquid
1706 4433 1819 4493 contra
1834 4447 1917 4509 pro-
2029 4505 2030 4508 Ἴ

320 4510 367 4573 ad
380 4511 510 4573 tertium
522 4500 790 4581 dicendumqubd
813 4499 1012 4596 principibus
1024 4517 1074 4564 se·
1126 4506 1265 4579 ceptum,
1281 4517 1347 4563 non
1365 4507 1497 4583 propter
1510 4509 1659 4587 precepti
1678 4513 1804 4571 contem
1831 4515 1914 4581 tum,
2029 4519 2030 4530 ¹

281 4591 446 4654 sularibus
468 4589 503 4648 in
522 4589 647 4648 uotum
668 4583 764 4676 homo
784 4580 914 4675 obedire
933 4583 1072 4674 tenetur,
1126 4579 1181 4642 sed
1203 4597 1262 4659 pro
1279 4584 1334 4674 ‚ter
1355 4582 1477 4663 aliquid
1498 4585 1607 4660 aliud,
1632 4589 1681 4649 est
1702 4527 1916 4651 inoberfientia

280 4663 893 4824 aaaeaearaaataaaaa·
907 4659 1088 4802 atach
1126 4599 1567 4824 calaritanae
1584 4667 1724 4745 a...
2029 4667 2030 4674 l

751 4786 755 4798 ι
888 4783 896 4812 ’
1059 4773 1075 4785 ⁰
1569 4789 1577 4806 0

281 4833 406 4909 patum,
421 4825 472 4888 vel
487 4825 514 4886 si
529 4824 650 4904 injusta
666 4821 866 4901 praecipiant,
881 4835 947 4880 non
963 4822 1074 4880 tenen·
1166 4818 1213 4880 ld
1226 4821 1402 4882 secundum
1416 4822 1584 4885 dicendum
1599 4825 1685 4904 qudd
1695 4827 1800 4891 inanis
1814 4827 1915 4909 gloria
2027 4867 2030 4892 t

280 4912 334 4969 tur
356 4905 402 4968 eis
426 4903 546 4969 subditi
570 4902 719 4976 obedire;
738 4900 799 4962 nisi
816 4897 899 4960 forte
917 4915 977 4977 per
990 4899 1075 4960 acci·
1125 4899 1245 4976 appetit
1255 4900 1545 4964 manifestationem
1556 4905 1692 4988 alicujus
1706 4909 1913 4970 excellentie.

279 4986 378 5059 dens,
392 4989 523 5065 propter
537 4982 703 5050 viandum
723 4978 911 5043 scandalum
924 4977 977 5040 vel
989 4979 1074 5057 peri·
1124 4977 1165 5040 Et
1183 4979 1262 5072 quia
1282 4979 1409 5042 ridetur
1432 4983 1472 5043 ad
1490 4984 1665 5061 quamdam
1692 4988 1915 5050 excellentiam

279 5066 400 5129 autum.
1125 5061 1287 5136 pertinere
1302 5058 1388 5152 qudd
1402 5061 1498 5123 homo
1512 5066 1679 5144 preceptis
1694 5067 1827 5130 alterius
1851 5085 1915 5128 non

544 5139 728 5219 QUAESTIO
749 5139 812 5202 CV.
973 5215 980 5230 ·
1126 5137 1292 5212 subdatur,
1307 5138 1380 5201 rnde
1390 5144 1438 5202 est
1450 5140 1535 5218 qudd
1543 5143 1758 5208 inobedientia
1772 5165 1814 5209 cx
1827 5145 1913 5210 inani

279 5225 328 5289 De
340 5240 620 5290 memmerun-
631 5221 685 5301 (ln
695 5219 773 5282 dnos
782 5217 935 5312 articulos
945 5213 1072 5310 droise.)
1126 5214 1564 5310 gloriaoritur.Nihilautem
1574 5225 1772 5302 prohibetor
1785 5230 1916 5305 peccato

319 5305 441 5371 Deinde
452 5301 720 5375 considerandum
734 5295 1070 5362 estderuohedrentid:
1129 5294 1246 5358 veniali
1263 5298 1341 5359 oriri
1354 5300 1505 5378 mortale,
1522 5296 1595 5364 edm
1610 5304 1737 5368 reniale
1752 5307 1792 5368 sit
1802 5307 1916 5387 dispo-

281 5388 411 5451 etcirca
434 5386 495 5448 hoc
520 5384 711 5462 quaeruntur
735 5378 821 5440 duo:
845 5377 875 5438 1ο
900 5371 1010 5437 utrdm
1033 5375 1074 5438 sit
1126 5373 1200 5438 sitio
1214 5375 1252 5438 ad
1271 5379 1417 5442 mortale.

279 5469 445 5548 peccatum
460 5463 595 5527 mortale
608 5481 616 5538 3
631 5459 662 5520 2
677 5457 786 5522 utrdm
796 5457 837 5522 sit
847 5455 1073 5536 pravissimum
1167 5455 1214 5516 ad
1228 5458 1358 5550 tertium
1373 5457 1541 5552 dicendum
1557 5462 1649 5556 ⁸qadd
1662 5465 1775 5559 'nullus
1789 5466 1911 5549 obliga·

279 5551 612 5690 Risercrzlriialalffsnsuus.
627 5655 660 5666 —
678 5621 706 5684 U
707 5617 791 5682 ircim
802 5613 1015 5710 inobedientia
1031 5615 1074 5679 sit
1126 5534 1917 5710 :salitioiffiiiqsriilffllr‘rfflpeffitjdsffllsilnjtririggifeiqetffital

316 5713 480 5850 peceatum
492 5700 632 5767 mortale.
647 5737 683 5746 -
699 5699 804 5782 (Sep,
820 5704 926 5780 qnasi.
942 5695 993 5771 69,
1009 5701 1071 5756 ort.
1126 5695 1273 5757 subditus
1288 5713 1326 5759 ea
1341 5697 1473 5792 purplere
1487 5717 1555 5796 non
1571 5703 1688 5797 possit,
1705 5711 1882 5768 excusatur
1899 5701 1918 5768 i

321 5785 522 5932 A’dcgffmlum
536 5862 582 5942 sic
591 5861 785 5955 proceditur.
799 5859 830 5923 1.
842 5853 978 5925 Videtur
985 5853 1071 5938 qudd
1124 5775 1329 5920 &affligi
1342 5776 1737 5937 ἰῗτῖοὲιξίῗᾞιιηῗωιιωθ
1758 5785 1876 5880 debent
1898 5781 1918 5851 a
