4110 6346
216 445 269 518 esa
423 393 453 400 ”
640 440 770 504 sonus
788 440 1014 511 rummeins
1031 440 1190 510 saeuum
1206 439 1386 510 sumens.
1801 445 1858 514 en

216 567 385 646 sperantes.
399 559 486 644 argo
496 553 642 640 accipere
648 561 920 626 usuramncnest
932 579 1009 646 pec·
1060 575 1132 626 ram
1148 560 1282 641 aceepit.

217 647 338 706 catum
1098 641 1144 703 hd
1181 642 1299 703 rimum
1318 657 1395 724 erqo
1407 638 1575 704 dicendum
1594 636 1680 720 qndd
1694 653 1796 706 asara
1809 641 1855 706 tul

255 722 286 783 a.
302 724 467 795 dricturae,
479 721 618 799 pretium
632 715 778 804 accipere
790 737 852 804 pro
866 737 905 783 eo
919 719 1006 801 qnod
1059 659 1276 800 metaphorice
1289 721 1445 800 accipitur
1454 737 1515 800 pro
1535 721 1856 799 superexcrescentid

216 803 290 882 quie
317 801 422 864 lacere
449 817 514 861 nan
536 805 675 872 leuetur,
697 817 762 862 nou
784 799 911 864 ridetur
934 817 1005 863 esse
1059 801 1784 880 honorumspiritualium,qnamexigitlieus‚
1798 817 1857 866 vc·

113 877 116 882 ’
217 877 394 945 secunaum
408 897 441 943 se
460 883 641 959 peccatum.
659 879 718 942 Sed
735 896 800 941 non
814 881 848 941 in
863 881 1008 960 quolibet
1057 879 1315 943 lensntinhonle
1327 881 1465 958 acceptis
1477 881 1856 960 abensempcrprolicia·

216 977 294 1025 casu
308 964 435 1024 tenetur
447 961 618 1039 pecuniam
632 959 754 1022 hahens
770 977 841 1022 eam
857 960 1006 1040 proximo
1057 975 1146 1032 muer
1159 959 1244 1040 quod
1252 959 1523 1023 estadutilitatem
1531 965 1761 1034 nostrumnon
1771 961 1854 1042 ejus.

215 1046 375 1103 mutuare.
395 1039 481 1133 Ergo
495 1039 570 1104 ticet
585 1039 614 1102 ei
628 1040 803 1122 aliquando
818 1057 877 1122 pro
892 1044 1006 1103 mutuo
1099 1039 1145 1100 hd
1158 1041 1333 1103 secundum
1350 1038 1518 1101 dicendum
1532 1037 1618 1118 qudd
1637 1039 1756 1102 iudeis
1773 1058 1855 1120 pro-

215 1121 361 1200 accipere
373 1124 523 1260 pretium.
1058 1117 1194 1182 hibitum
1207 1115 1853 1198 luitaccipereusuramdiratrihnssuis,
1891 1193 1894 1198 ¹

252 1199 283 1261 θ.
306 1201 373 1262 Pru
388 1213 479 1272 eree,
495 1201 665 1280 argentum
686 1200 905 1273 monetatum,
926 1199 958 1262 et
971 1198 1006 1264 ln
1058 1199 1180 1262 scilicet
1194 1197 1329 1272 iudeis3
1347 1199 1500 1279 perqncd
1514 1197 1609 1260 detur
1621 1198 1755 1279 intelllgi
1767 1199 1854 1278 qudd

214 1295 293 1344 rusa
316 1276 504 1353 formatum,
527 1295 594 1340 non
608 1276 714 1342 dllicrt
728 1277 843 1358 specie.
859 1277 919 1342 Sed
933 1279 1008 1343 licet
1053 1279 1203 1358 accipere
1224 1295 1358 1340 usuram
1376 1277 1397 1341 d
1417 1293 1621 1358 quecumque
1640 1277 1787 1352 homine,
1806 1282 1856 1342 est

212 1359 359 1438 accipere
395 1359 513 1419 retium
527 1373 586 1436 pro
602 1357 687 1420 rasis
702 1357 863 1438 argenteis
879 1373 1007 1421 aecem·
1058 1356 1247 1440 simpliciter
1265 1358 1404 1432 malum;
1430 1357 1582 1419 debemus
1609 1358 1695 1418 enim
1725 1373 1854 1420 omnem

212 1437 361 1501 medatis.
408 1454 466 1520 rgo
487 1436 585 1499 etiem
605 1436 679 1498 licet
697 1437 843 1516 accipere
866 1437 1006 1519 pretium
1058 1435 1221 1500 hominem
1235 1437 1354 1500 hebere
1366 1437 1460 1515 quasi
1472 1437 1655 1516 proximum
1665 1439 1697 1498 et
1709 1436 1852 1514 tratrem,

213 1516 717 1660 Pdshllieliii‘iiiiiii‘i·
733 1517 835 1580 ”⁸³¹³
849 1534 925 1597 ⁰‘⁸⁰
939 1533 1006 1582 ¹¹⁰⁰
1057 1515 1217 1659 imitat
1233 1514 1853 1659 ‘alilllallt'lrlaillault’

212 1617 230 1660 θ
253 1677 284 1738 ’1.
309 1677 476 1748 Prccterea‚
496 1613 631 1753 qluilteet
644 1641 748 1816 potest
761 1674 848 1770 licitd
861 1675 927 1738 acci
952 1693 1006 1770 ere
1057 1679 1131 1737 tur:
1147 1612 1558 1770 Quipeeuuiomgeamuc’u
1566 1641 1701 1746 deditud
1712 1693 1850 1772 usuram,

212 1753 924 1918 aaadhe*ltldaltllililliilt
937 1754 1008 1898 ili:
1058 1753 1305 1908 addidi
1325 1753 1703 1927 legitimatam
1721 1762 1855 1916 aaut

212 1917 258 1978 dit
272 1929 416 1978 usuram.
438 1913 523 1993 Ergo
540 1913 595 1975 ille
611 1913 668 1994 qul
682 1918 820 1991 mutuat,
835 1912 922 1977 licite
942 1931 1006 1994 pu-
1058 1914 1141 1988 rent,
1150 1927 1217 1974 non
1228 1913 1644 1992 linitetscuncessumquasr
1655 1911 1855 1988 licitumped

212 2000 275 2058 test
289 1994 445 2074 accipere.
1058 1993 1252 2072 permissum
1273 1993 1311 2055 ad
1337 1993 1443 2074 majus
1464 1992 1586 2055 malum
1610 1991 1789 2068 vitandum,
1812 2011 1854 2056 ue

252 2074 314 2138 Sed
336 2077 449 2137 contra
460 2074 510 2136 est
523 2071 609 2152 quod
623 2072 740 2138 dicitur
749 2073 853 2136 Exod.
871 2071 928 2148 aa,
941 2071 1004 2134 25:
1059 2071 1180 2136 scilicet
1194 2070 1216 2136 d
1229 2071 1346 2135 Induis
1358 2073 1461 2134 Deum
1476 2072 1654 2134 colentibus
1670 2089 1786 2134 usuras
1800 2089 1855 2138 ac·

213 2153 252 2217 Si
259 2150 428 2236 pecuniam
439 2160 577 2214 mutuom
586 2151 708 2216 dederis
716 2151 837 2234 populo
850 2171 915 2216 meo
928 2171 1008 2233 puu-
1059 2152 1213 2232 ciperent,
1230 2155 1363 2232 propter
1373 2151 1553 2224 avaritiam,
1571 2152 1624 2214 cui
1638 2150 1734 2214 dediti
1748 2156 1853 2232 mant,

212 2233 293 2312 peri,
307 2233 362 2314 qui
376 2229 495 2296 hoditot
507 2231 904 2314 teeummouurqediseum
916 2231 1008 2316 quusi
1059 2232 1096 2292 nt
1109 2232 1246 2294 hahetur
1266 2231 1309 2294 ls.
1324 2229 1374 2292 dd.
1389 2231 1481 2307 Quod
1501 2236 1608 2295 autem
1630 2231 1663 2292 in
1684 2233 1854 2311 premium

214 2319 355 2382 coactor,
373 2330 428 2374 uec
439 2311 546 2374 usuris
562 2311 726 2392 opprimes.
1080 2311 1272 2376 remittitur:
1286 2311 1489 2374 Feueroderis
1497 2309 1639 2392 qualibus
1648 2310 1765 2380 multis,
1778 2315 1853 2388 ete,

252 2391 441 2472 Respondeo
462 2387 631 2454 dicendum
654 2391 740 2471 qudd
760 2391 907 2472 accipere
928 2407 1008 2456 usu·
1058 2329 1151 2454 anns
1167 2391 1211 2455 ibl
1229 2388 1317 2470 iarqd
1339 2391 1495 2470 accipitur
1508 2407 1568 2470 pro
1581 2393 1711 2465 mutuo,
1727 2389 1810 2452 sicut
1823 2394 1856 2453 et

212 2486 283 2534 ram
305 2489 364 2552 pro
385 2467 523 2554 pecunia
543 2469 690 2536 mutuati
706 2475 754 2534 est
774 2469 951 2536 secundum
972 2487 1008 2536 se
1058 2469 1156 2532 Eccii.
1169 2471 1219 2546 aa,
1237 2471 1375 2534 dicitur:
1392 2471 1494 2534 Multi
1512 2485 1579 2532 mom
1600 2471 1693 2532 eausa
1710 2469 1857 2550 nequitie

214 2549 380 2636 iniustum,
418 2551 474 2612 uia
488 2549 635 2614 venditur
646 2549 676 2618 id
689 2549 775 2630 quod
788 2569 853 2614 non
868 2554 933 2628 est;
949 2569 1008 2632 per
1058 2565 1125 2612 mou
1145 2550 1279 2632 {somnii
1297 2557 1381 2620 suut,
1398 2549 1430 2612 id
1450 2549 1854 2624 est,nonmutuarcrunl.

213 2629 298 2710 qnod
312 2569 478 2694 maniffestd
495 2628 696 2710 inequalitas
705 2631 923 2707 constituitur,
935 2649 1007 2712 quae
1058 2629 1257 2694 Promittitur
1270 2647 1347 2711 ergo
1365 2629 1399 2690 in
1418 2628 1586 2710 premium
1606 2627 1724 2692 Judaeis
1743 2629 1858 2691 ahan-

212 2710 344 2791 justitie
359 2707 585 2773 contrariatur.
1059 2708 1169 2774 dantia
1182 2709 1378 2786 divitiarum,
1393 2725 1434 2771 ex
1445 2707 1512 2789 qud
1521 2709 1676 2790 contingit
1684 2706 1771 2788 qudd
1782 2707 1856 2772 altis

253 2789 301 2852 hd
325 2789 416 2871 cujus
444 2787 637 2852 evidentiam
662 2787 828 2852 sciendum
851 2793 899 2854 est
920 2785 1008 2870 qudd
1058 2793 1207 2854 mutuare
1243 2787 1355 2852 assint.

213 2869 362 2948 quaedam
380 2885 432 2930 res
453 2869 530 2930 sunt
543 2883 683 2946 quarum
697 2885 776 2932 usus
792 2873 841 2932 cst
862 2869 1008 2948 ipsarum
1098 2869 1145 2931 Ad
1159 2873 1290 2931 tertium
1305 2867 1473 2931 dicendum
1491 2865 1577 2950 quod
1598 2865 1685 2950 leges
1703 2866 1856 2934 hnmana

214 2965 324 3011 rerum
348 2946 570 3028 consumpti03
597 2941 681 3009 sicut
704 2947 817 3010 vinum
837 2947 1008 3012 consumi-
1058 2945 1222 3014 dimittunt
1243 2948 1353 3028 aliqua
1374 2951 1504 3029 peccata
1526 2947 1704 3027 impunite,
1724 2951 1858 3028 prepter
1939 2953 1942 2957 '

214 3041 299 3102 mus,
312 3043 352 3088 eo
365 3025 484 3089 utendo
497 3023 536 3088 ad
552 3029 673 3106 potum,
687 3031 720 3088 ct
734 3027 875 3094 triticum
890 3045 1007 3093 consu·
1059 3027 1256 3092 conditiones
1273 3027 1439 3090 hominum
1453 3025 1723 3108 imperfectorum,
1737 3025 1858 3107 inqut·

213 3125 343 3180 mimus,
360 3123 399 3170 eo
413 3105 532 3169 utendo
546 3104 587 3170 ad
603 3103 721 3169 cibum.
736 3106 824 3169 Unde
839 3107 872 3168 in
888 3107 1005 3170 talibus
1058 3108 1119 3169 hus
1140 3109 1249 3171 multu
1262 3107 1415 3170 utilitates
1431 3107 1674 3187 impedirentur,
1695 3103 1723 3168 ei
1745 3105 1856 3175 omnia

214 3201 280 3248 noa
296 3185 391 3249 dehet
406 3181 552 3280 secretim
570 3183 749 3265 computari
764 3203 843 3250 usus
862 3188 909 3250 rel
930 3183 949 3252 d
970 3203 1006 3249 rc
1058 3191 1190 3266 peccata
1200 3185 1342 3249 districte
1353 3187 1603 3266 prohiberentur
1617 3186 1717 3268 poenis
1733 3184 1858 3250 adhibl-

215 3263 303 3346 ipsd;
321 3265 578 3346 unicuicumque
591 3264 776 3328 conceditur
788 3283 879 3344 usus,
891 3283 932 3330 ex
944 3265 1007 3330 hoc
1058 3265 1110 3328 tis.
1121 3266 1161 3328 Et
1173 3265 1243 3329 ldcd
1255 3282 1373 3330 usuras
1388 3267 1442 3328 lex
1455 3265 1598 3330 humana
1608 3265 1778 3338 concessit,
1790 3277 1857 3327 nou

214 3347 285 3428 ineo
302 3344 488 3412 conceditur
503 3361 575 3419 res;
602 3347 787 3484 etfpruptcr
804 3347 912 3442 hocin
926 3345 1008 3410 tali·
1058 3346 1349 3442 quesieristimans
1360 3361 1414 3410 eas
1425 3343 1856 3442 essesecundhmjustitlam,

214 3425 1008 3587 ξξξξξξξξξξξξξιξξξξξξξξξξξ
1059 3423 1858 3598 ιξξξξξιξξξξξξξξξξξξξξξξξιξ

213 3585 311 3656 vellet
323 3581 469 3648 secretim
484 3581 625 3677 uendere
638 3601 735 3648 usum
749 3586 834 3660 vini,
855 3585 1007 3648 uenderet
1059 3583 1246 3662 Usuiructn,
1270 3589 1284 3664 i
1308 3585 1540 3655 Consumitur,
1567 3584 1684 3678 dicitur
1701 3583 1788 3664 qudd
1808 3599 1861 3679 res

213 3664 360 3728 camdem
379 3683 447 3726 rem
465 3665 527 3726 his.
544 3665 596 3726 rel
615 3663 765 3727 venderet
782 3664 814 3725 id
833 3665 921 3744 quod
941 3681 1007 3726 non
1059 3681 1126 3748 qua
1139 3683 1199 3727 usu
1212 3673 1449 3733 consumuntur,
1466 3663 1855 3746 oequerelrcucmoturolu

213 3748 281 3817 este
293 3743 379 3838 unde
392 3741 559 3838 manifeste
616 3742 835 3836 rinjustitiam
847 3749 1006 3824 peccaret.
1059 3760 1156 3826 usque
1171 3745 1267 3815 ciuili,
1284 3743 1443 3838 recipiunt
1458 3743 1707 3826 usumfructum:
1720 3748 1751 3804 et
1771 3741 1859 3822 qndd

213 3820 254 3884 Et
278 3821 516 3914 srmrlr'rattone
541 3840 571 3883 m
587 3825 730 3884 nstrtmm
760 3825 928 3885 committit
950 3823 1007 3904 qul
1060 3832 1185 3886 senalus
1205 3843 1271 3886 ocu
1290 3827 1365 3906 pecc
1391 3839 1613 3888 rerumrerum
1629 3823 1859 3904 usumfructum

214 3905 342 3964 mutuat
357 3918 470 3964 vinum
484 3905 541 3964 aut
561 3901 720 3976 triticum,
735 3907 848 3980 petens
863 3903 924 3966 sthi
938 3902 1008 3965 dart
1062 3902 1219 3984 (ueceuim
1227 3903 1379 3985 palmet),
1389 3903 1441 3965 sed
1450 3903 1774 3996 qcmsiusumsruetum
1785 3917 1859 3995 eoa·

215 3979 294 4044 duas
309 3981 640 4059 recompensatiencs,
654 3997 753 4044 unam
766 3982 895 4062 quidem
908 3983 1010 4046 resti-
1061 3984 1185 4054 stituit,
1201 3984 1378 4048 concedens
1401 3983 1521 4046 scilicet
1538 3999 1669 4044 usuras.
1690 3982 1730 4042 Et
1744 3980 1859 4042 Phile·-

214 4061 373 4123 tutionem
395 4057 528 4138 aequalis
555 4059 620 4133 rel,
645 4059 745 4124 aliam
766 4060 845 4126 verd
869 4063 1009 4143 pretium
1061 4060 1857 4146 sophusnaturalirationeductusdicitinlPetit,

217 4137 311 4214 uude,
327 4138 414 4284 quod
427 4137 666 4202 usumdicltur.
1061 4159 1132 4222 cap.
1156 4144 1193 4218 ’1,
1220 4141 1435 4223 perdurante
1460 4141 1563 4216 med,
1592 4140 1680 4220 qudd
1708 4139 1860 4204 usuraria

253 4219 331 4296 Qua
353 4235 406 4282 am
425 4217 501 4282 rard
521 4223 598 4282 sunt
617 4233 757 4298 qnorum
780 4237 858 4285 usus
873 4237 939 4284 non
961 4225 1010 4286 est
1061 4223 1226 4305 acquisitio
1237 4223 1445 4304 pecuniarum
1460 4228 1503 4283 est
1517 4220 1650 4284 meuimt
1666 4227 1782 4301 preter
1797 4239 1861 4284 mo·
1943 4265 1946 4270 Α

214 4299 954 4474 hmmedaenrrsgffltzr’nn'diztsffialtiodoffifiideesdt
966 4303 1012 4446 ip·-
1062 4309 1498 4464 'amaseam-dicendum
1512 4379 1597 4462 qudd
1612 4381 1689 4443 dare
1708 4383 1859 4445 mutuum

213 4459 332 4524 talehus
359 4454 505 4524 seorsum
532 4463 637 4540 potest
658 4464 833 4542 utrumque
859 4463 1008 4540 concedi,
1062 4479 1128 4524 non
1142 4479 1269 4542 semper
1282 4465 1411 4525 tenetur
1424 4462 1539 4532 homo;
1564 4464 1595 4522 et
1614 4460 1685 4522 ided
1699 4458 1860 4556 quantiam

213 4535 293 4618 puta
309 4535 382 4602 crim
395 4538 513 4616 aliquis
534 4538 629 4602 tradit
649 4540 742 4604 alteri
759 4542 935 4605 dominium
949 4543 1012 4606 do-
1062 4542 1101 4605 ad
1115 4542 1176 4605 hcc
1187 4543 1319 4622 ponitur
1331 4541 1415 4603 inter
1428 4540 1574 4605 consilia.
1588 4540 1646 4602 Sed
1662 4540 1748 4618 quod
1761 4539 1860 4602 hume

214 4617 300 4690 mdo,
317 4621 483 4681 reservato
499 4619 560 4680 sihi
582 4634 644 4681 usu
658 4619 699 4683 ad
718 4621 848 4700 aliquod
865 4627 1008 4702 tempus;
1062 4622 1188 4683 lucrum
1199 4621 1237 4685 de
1250 4627 1363 4684 mutuo
1383 4638 1448 4682 non
1463 4624 1602 4698 quaerat,
1622 4619 1684 4682 hoc
1697 4619 1781 4683 cadit
1797 4620 1859 4684 suh

214 4697 267 4760 rel
280 4695 299 4760 d
312 4711 470 4760 converso
480 4694 552 4760 cdm
563 4699 634 4778 quis
645 4701 790 4762 concedit
805 4701 901 4764 alicui
914 4719 1010 4765 usum
1062 4702 1187 4766 ratione
1200 4701 1359 4796 precepti.
1374 4701 1482 4764 Potest
1493 4703 1601 4761 tamen
1610 4698 1670 4762 dici
1682 4699 1855 4762 eonsilium

215 4773 346 4850 demde,
363 4780 527 4839 reservato
542 4777 602 4839 sihi
621 4778 691 4859 ejus
706 4779 858 4843 dominio.
873 4781 913 4842 Et
928 4799 1011 4860 pro-
1062 4797 1120 4862 per
1140 4786 1414 4862 comparationem
1435 4779 1475 4844 ed
1501 4779 1586 4841 dicta
1610 4779 1858 4853 Pharisaeorum,

215 4858 288 4934 pter
302 4855 365 4918 hoc
376 4852 461 4918 licite
474 4861 579 4935 potest
598 4857 694 4920 homo
711 4861 856 4940 accipere
871 4861 1010 4940 pretium
1062 4862 1118 4940 qui
1135 4863 1293 4940 putabant
1305 4877 1439 4923 usuram
1459 4859 1604 4938 aliquam
1623 4875 1695 4920 csse
1715 4857 1858 4930 licitam

215 4934 1009 5021 prcusudomriuetpraetcrhocrcpeteredomum
1063 4938 1858 5006 sicutetdilecticinimicorumestconsilium.Vel

216 5015 501 5090 accommodatam,
517 5017 601 5080 sicut
611 5021 698 5096 patet
713 5017 746 5079 in
757 5020 969 5083 conductione
979 5026 1011 5084 et
1062 5019 1207 5099 loquitur
1220 5021 1265 5084 ihi
1281 5037 1345 5084 aen
1361 5019 1399 5080 de
1414 5017 1736 5098 speusurariiducri,
1750 5015 1806 5082 sed
1821 5017 1860 5078 de

214 5093 513 5160 lausdunedomds.
1063 5118 1206 5180 speque
1219 5097 1557 5179 poniturinhomine;
1580 5095 1857 5160 nonenimdehc·

255 5177 395 5242 Pecunia
410 5181 529 5248 autem,
545 5173 721 5240 seeundum
733 5177 962 5262 Philosophum
975 5181 1010 5241 in
1063 5197 1134 5244 mus
1149 5184 1298 5244 mutuum
1311 5179 1404 5252 dare,
1427 5177 1477 5242 vel
1491 5177 1718 5263 quodcumque
1739 5175 1858 5240 bouum

214 5255 361 5334 cautla,
376 5273 448 5336 cap.
465 5255 496 5332 5,
514 5253 889 5333 amec.‚um11³01u.,
906 5257 1011 5338 cepti
1064 5259 1168 5325 iacere
1190 5263 1321 5339 propter
1343 5275 1434 5339 spem
1460 5256 1622 5334 hominis,
1650 5255 1707 5320 sed
1728 5261 1858 5340 propter

216 5336 290 5412 eid,
305 5336 524 5415 principaliter
533 5339 582 5397 est
596 5335 776 5402 lureutaad
789 5339 1011 5402 commutatio·
1063 5357 1153 5421 spem
1165 5339 1234 5402 lici.
1333 5387 1338 5390 .

215 5433 275 5479 nes
295 5415 470 5488 taciendam
492 5419 524 5477 et
540 5415 584 5477 ita
605 5415 756 5496 proprius
777 5423 808 5478 et
823 5417 1009 5498 principalis
1103 5418 1150 5484 ad
1170 5418 1320 5498 quintum
1341 5415 1510 5482 dicendum
1531 5413 1617 5495 qudd
1637 5413 1693 5478 illa
1710 5413 1767 5495 qui
1785 5433 1860 5476 mu«

215 5493 447 5574 pecunireusus
462 5494 619 5573 estipeius
633 5499 848 5575 consumptio,
860 5499 927 5559 sire
940 5499 1011 5561 dis-
1063 5501 1155 5562 tuere
1172 5500 1389 5572 contueatur,
1407 5493 1738 5576 recompensationem
1755 5497 1859 5575 potest

215 5576 350 5650 tractio,
383 5572 558 5638 secundum
580 5574 665 5655 qudd
690 5577 723 5638 in
743 5579 1009 5642 commutationes
1063 5579 1208 5658 accipere
1232 5577 1301 5660 ejus
1324 5577 1411 5658 quod
1438 5576 1528 5650 iecit;
1554 5576 1610 5638 sed
1633 5593 1699 5638 non
1719 5569 1859 5667 amplius
1979 5593 1983 5606 ·

216 5653 420 5732 expenditur,
434 5653 474 5714 Et
494 5660 625 5733 propter
646 5653 707 5718 hoc
721 5652 897 5719 sccundirm
913 5675 948 5720 se
962 5664 1012 5720 est
1063 5657 1156 5720 dehet
1176 5657 1316 5738 exigere.
1332 5659 1605 5736 Recompensatur
1623 5658 1732 5719 autem
1754 5673 1784 5716 cr
1810 5673 1858 5716 sc·

215 5731 363 5796 illicitum
381 5749 440 5814 pro
455 5733 677 5826 usupccuniae
697 5741 850 5798 mutuate
866 5736 1011 5815 accipere
1063 5736 1203 5800 cundum
1227 5737 1443 5816 equalitatem
1465 5735 1609 5816 justitie,
1632 5735 1658 5798 si
1682 5729 1805 5798 tantum
1830 5730 1859 5796 ei

215 5813 366 5905 pretium,
382 5812 467 5893 quod
484 5812 600 5876 dicitur
612 5831 727 5883 usuro:
741 5818 774 5876 et
787 5815 870 5896 sicut
883 5816 947 5880 alia
962 5815 1012 5878 in·
1030 5815 1225 5891 «reddatur,
1236 5813 1393 5898 quantum
1403 5814 1573 5881 mutuavit.
1584 5811 1672 5878 Unde
1682 5813 1709 5878 si
1720 5809 1859 5896 amphus

213 5889 299 5973 quud
313 5892 472 5974 acquisita
492 5896 620 5956 tenetur
642 5893 738 5955 homo
757 5896 941 5964 restituere.
966 5895 1010 5958 ita
1063 5897 1172 5975 exigat
1193 5915 1251 5976 pro
1273 5899 1442 5961 usufructu
1464 5897 1530 5969 rei,
1554 5912 1627 5973 quae
1648 5892 1748 5956 alium
1762 5907 1858 5953 usum

214 5975 391 6055 restituere
402 5973 531 6057 12th
548 5977 718 6046 nomnium
732 5994 831 6040 uuam
849 5993 907 6040 ner
924 5991 1009 6037 usu·
1096 5989 1130 6034 ιιι
1155 5975 1250 6038 babet
1271 5979 1334 6041 nisi
1358 5977 1635 6040 consurrectioncm
1652 5969 1858 6046 subeuntia,
