4070 6338
300 329 370 391 lats
426 326 556 388 SUHHAE
574 323 802 384 musionium
820 321 977 386 SECUNDA
994 321 1176 388 melma.
1197 327 1333 399 QUAES'l'.
1352 331 1521 396 Chle.
1541 333 1587 394 nli
1605 321 1715 392 HERC.
1733 333 1814 399 dtu.
1848 347 1901 402 llll

298 444 523 544 subministret
533 443 569 538 in
579 442 689 538 seculo
709 439 856 535 nutriens
871 439 1001 506 eumad
1016 442 1096 504 reli-
1149 443 1265 506 debeat
1281 445 1405 540 aliquis·
1414 446 1603 526 religionem
1618 447 1746 525 intrare,
1759 452 1814 515 nisi
1832 456 1899 536 prii,

298 521 1096 682 adhibendastdilaniandi
1148 529 1568 683 “uiduitatis
1585 609 1734 687 runo.
1748 612 1794 689 u,
1807 615 1901 682 nr..r

299 690 327 752 si
353 685 526 750 mendaciis
556 701 631 778 eum
656 682 776 746 alliciat
797 701 811 778 ⁸:
839 681 985 744 imminet
1008 683 1095 744 enim
1148 685 1388 748 similitudinem
1414 687 1453 748 do
1479 687 1620 764 homine,
1648 691 1704 769 qui
1728 694 1790 756 uult
1811 699 1901 760 turrim

298 769 346 832 sic
359 767 489 830 inducto
510 764 691 844 periculum
705 780 746 824 ne
769 780 846 855 'cum
873 779 908 824 se
925 760 1095 840 deceptum
1148 764 1314 843 aedificare,
1326 765 1509 848 quddpribs
1521 768 1626 830 sedens
1637 780 1783 852 conputat
1793 793 1848 835 eun
1866 787 1902 838 tus

297 847 468 921 invenerit,
485 843 666 907 retrocedat
691 845 722 905 et
751 860 797 903 sac
868 849 904 904 nt
924 842 1093 934 canusima
1147 845 1202 926 qui
1213 854 1287 908 sunt
1304 848 1481 916 necessarii,
1492 849 1520 910 si
1532 847 1640 911 habeat
1653 851 1693 913 ad
1705 795 1901 934 perfieienban

297 928 385 994 illius
410 925 544 990 bominis
572 924 687 1005 pejora
710 921 819 1002 priori
884 925 956 991 ‚ut
978 920 1091 983 dieitur
1147 942 1188 986 ne
1201 925 1373 989 insultetur
1383 928 1423 1001 ei,
1437 929 1512 1008 qnia
1524 929 1573 993 hie
1584 928 1672 992 bomo
1683 933 1901 1016 cepitedifiean,

297 1009 375 1071 Luc.
395 1009 444 1080 11,
464 1005 515 1067 aa.
1148 1011 1178 1066 et
1190 1023 1256 1067 non
1264 1008 1372 1087 potuit
1385 1026 1604 1070 consummare.
1616 1009 1761 1090 Sumptus
1771 1017 1862 1074 aulem
1872 1015 1901 1078 ad

292 1167 296 1175 Ι
341 1082 801 1166 adprimnmergodioendnm
810 1081 896 1163 qudd
908 1081 971 1144 illis
986 1081 1090 1160 quiad
1146 1085 1261 1147 turrim
1279 1086 1507 1162 aedificandam,
1533 1091 1569 1150 ut
1592 1091 1784 1171 Augustinus
1803 1092 1865 1154 dicit
1879 1095 1903 1156 in

290 1168 488 1252 ,religionem
502 1165 711 1238 inducuntur,
721 1160 929 1225 nihilominus
943 1179 1089 1225 reserva.
1148 1166 1240 1244 epist.
1268 1167 1309 1229 ad
1337 1169 1471 1243 Letum,
1483 1167 1563 1243 213,
1591 1171 1634 1232 al.
1660 1169 1715 1246 38,
1736 1171 1902 1250 aliquanti

299 1259 351 1311 tur
365 1247 565 1326 probationis
577 1250 716 1324 tempus,
745 1245 778 1305 in
801 1260 867 1322 quo
890 1241 1090 1305 difficultates
1146 1247 1272 1324 princ,
1299 1247 1380 1308 nihil
1406 1251 1456 1310 est
1478 1248 1566 1311 aliud
1591 1247 1690 1328 quam
1717 1257 1751 1312 ut
1777 1252 1902 1313 renuntiet

297 1327 464 1409 religionis
478 1325 706 1406 experiunturr
722 1329 753 1386 et
766 1324 812 1386 sie
825 1341 890 1384 non
905 1321 1006 1386 facilis
1022 1323 1094 1385 adi·
1146 1328 1355 1407 uniusquisque
1373 1326 1515 1389 omnibus
1605 1338 1679 1391 sunt
1692 1329 1764 1410 ejus.
1774 1329 1905 1410 Contingit

298 1412 349 1470 tus
363 1410 409 1471 eis
422 1407 517 1470 datur
530 1407 569 1470 ad
582 1405 748 1486 religionis
762 1405 956 1483 ingressum.
1146 1411 1254 1467 autem
1270 1407 1466 1486 quandoque
1485 1425 1531 1487 qu
1552 1408 1573 1468 d
1589 1410 1650 1471 hoc
1666 1411 1754 1471 multi
1770 1428 1828 1471 non
1847 1428 1904 1488 pos-

338 1489 385 1550 hd
409 1485 587 1550 secuudum
614 1482 783 1547 dicendum
807 1481 893 1561 qudd
917 1481 1093 1544 secundum
1146 1491 1232 1560 sunt,
1245 1491 1276 1547 et
1290 1487 1437 1549 similiter
1451 1488 1531 1551 alias
1546 1489 1903 1568 religionisohservanlias

297 1568 468 1642 Hilarium,
485 1584 556 1630 can.
572 1564 612 1625 ils
626 1566 660 1626 in
675 1563 801 1636 natta,
816 1563 890 1624 circ.
906 1562 1002 1636 med,
1020 1581 1095 1625 ver·
1144 1570 1276 1646 portare
1295 1587 1302 1626 :
1320 1567 1353 1628 in
1368 1567 1460 1647 cujus
1478 1568 1583 1648 ligura
1613 1569 1629 1628 1
1649 1570 1726 1649 lleg.
1745 1571 1797 1644 ll,
1817 1569 1904 1630 dicitur

297 1651 375 1711 hum
389 1648 468 1710 illud
494 1646 622 1708 Domini
643 1641 1001 1723 praenuntiativumiuit
1017 1661 1095 1721 per·
1146 1645 1232 1724 qudd
1246 1647 1349 1709 David
1372 1664 1438 1710 non
1453 1653 1579 1726 poterat
1607 1647 1753 1710 incedere
1774 1650 1805 1711 in
1829 1648 1903 1710 arnis

296 1730 382 1791 versi
396 1727 491 1791 studii
504 1727 700 1797 ludaeorum,
713 1741 779 1803 quo
793 1725 865 1802 post
876 1721 992 1784 Christi
1009 1741 1094 1802 prae-
1146 1725 1263 1800 Saulis,
1277 1727 1433 1806 quianon
1447 1727 1587 1791 habebat
1597 1746 1704 1790 usum.
1720 1728 1798 1808 Ergo
1809 1728 1904 1790 ridetur

296 1809 489 1878 dicationem
501 1806 648 1888 gentiles,
664 1805 715 1867 vel
729 1803 825 1864 etiam
839 1802 1039 1865 Christianos
1053 1802 1093 1865 ad
1146 1805 1233 1885 qudd
1249 1824 1315 1868 non
1330 1806 1445 1868 debeat
1454 1807 1572 1886 aliquis
1594 1808 1779 1887 religionem
1792 1809 1904 1880 inuare,

294 1889 465 1952 ludaicurn
494 1888 592 1948 ritum
605 1885 762 1946 trahendo
781 1880 902 1945 iaciunt
924 1880 1094 1960 dupliciter
1145 1886 1208 1946 nisi
1221 1885 1374 1949 diuturni
1383 1886 1613 1950 deliberatione
1624 1888 1795 1966 praemissa,
1807 1895 1834 1950 et
1845 1885 1905 1948 nul·

295 1969 452 2050 gehennee
463 1966 558 2062 tilios,
573 1967 651 2059 quia
664 1964 783 2058 scilieet
798 1965 929 2056 peccata
943 1963 1092 2055 pristina,
1146 1967 1254 2027 torum
1265 1966 1400 2028 consilio
1412 1966 1535 2029 habito.

298 2041 1094 2202 iiiiiiillitilll2'ii3ii.i⁰l.l¹a.i
1146 2043 1905 2198 ..⁸ilatliiiilitllstabiliti

295 2208 436 2288 perlidiae
445 2201 957 2271 reatumzetsecunddmhocnon
969 2202 1044 2264 lacit
1053 2201 1093 2264 ad
1147 2207 1298 2268 continui
1325 2206 1446 2268 relictis
1471 2206 1607 2276 retibus,
1632 2209 1730 2270 secuti
1758 2214 1824 2270 sunt
1845 2221 1906 2271 eus:

295 2290 507 2368 propositum.
537 2285 718 2348 Secmddm
735 2284 969 2363 Hieronymum
984 2288 1093 2344 autem
1145 2286 1202 2347 uhi
1230 2286 1479 2366 Chrysostomus
1512 2285 1587 2348 dicit
1616 2305 1654 2349 su
1681 2306 1716 2351 er
1738 2288 1905 2356 hlatthaun,

296 2369 329 2429 in
352 2369 439 2431 hunc
451 2367 513 2429 loc.
530 2366 657 2439 Matth,
672 2365 733 2427 hoc
749 2363 889 2426 retertur
911 2361 952 2425 ad
965 2362 1092 2425 ludaeos
1146 2365 1233 2428 hom.
1249 2365 1299 2439 lt,
1313 2369 1388 2428 ante
1399 2368 1481 2428 med.
1496 2386 1503 2425 :
1520 2367 1625 2429 Talem
1639 2307 1906 2430 obedientiuncul-

295 2449 392 2512 etiam
405 2465 464 2528 pro
478 2451 565 2509 statu
579 2445 635 2507 illo
660 2445 695 2506 in
709 2460 776 2523 quo
788 2443 907 2522 legalia
926 2443 1092 2505 observari
1146 2450 1212 2506 stus
1229 2445 1340 2526 querit
1355 2443 1483 2514 duobis,
1492 2455 1530 2508 ut
1541 2465 1637 2529 neque
1648 2447 1781 2509 instanti
1793 2442 1907 2525 temporis

294 2528 423 2603 licebat,
437 2527 596 2606 qnanthm
610 2524 722 2588 adhoc
738 2523 825 2602 qudd
838 2523 891 2585 ille
909 2522 966 2601 qui
989 2523 1092 2585 abeis
1145 2542 1312 2587 moremur.

294 2608 335 2672 ad
344 2608 547 2680 ludaismum
556 2607 839 2678 conveniebamus
853 2602 930 2664 diam
939 2608 1093 2683 eratgeu-
1186 2605 1375 2685 Respondeo
1384 2605 1552 2670 dicendum
1565 2608 1651 2685 qudd
1661 2609 1809 2670 diuturna
1818 2604 1907 2666 deliis

296 2689 402 2763 utilis,
415 2687 604 2766 simpliciter
616 2687 762 2758 errabat3
776 2683 886 2747 videns
900 2685 1009 2746 autem
1021 2699 1094 2746 ma·
1145 2685 1230 2748 ratio
1256 2689 1288 2748 et
1308 2686 1486 2747 multorum
1511 2687 1647 2751 consilia
1674 2688 1866 2782 requiruntur
1885 2681 1907 2740 in

296 2770 503 2849 agistrorum
541 2766 619 2829 vitia
654 2764 828 2826 revertitur
863 2762 903 2825 ad
936 2764 1092 2824 vomitum
1146 2761 1908 2846 magnisdubiis,utPhilosophnsdicrtinillihic,

296 2867 436 2923 «suum,
452 2852 484 2910 et
508 2846 635 2929 gentilis
652 2845 767 2920 lactus,
788 2843 883 2923 quasi
897 2843 1095 2922 prevarica-
1146 2863 1217 2924 cap.
1234 2845 1263 2905 3.
1280 2846 1316 2906 ln
1328 2846 1377 2907 his
1396 2848 1504 2908 aulem
1518 2864 1591 2925 qua
1606 2853 1686 2910 sunt
1696 2851 1780 2910 certa
1794 2856 1822 2907 et
1831 2844 1908 2904 delen

296 2932 400 3003 utor,
427 2927 542 3007 majori
576 2923 734 3019 poend'ht
762 2924 889 3005 dignus.
910 2947 925 2980 a
953 2923 1011 3016 ux·
1026 2939 1092 3001 quo
1145 2926 1279 3000 minata,
1294 2943 1361 2986 non
1381 2926 1560 3022 requiritur
1573 2929 1760 3022 consilium.
1775 2925 1855 2988 Circa
1866 2921 1908 3012 iq-

295 3007 623 3168 titillantia
641 3004 936 3162 initialia}
956 3004 1014 3144 ii
1032 3002 1094 3143 iil
1168 3006 1908 3178 iiiiiiiiiailitilidinitidat

296 3168 402 3230 solum
420 3165 507 3247 qudd
531 3165 649 3244 aliquis
677 3164 707 3225 ei
729 3164 786 3242 qui
813 3162 1022 3237 conuertitur,
1042 3160 1093 3223 det
1147 3162 1324 3228 secundum
1344 3184 1394 3240 se3
1411 3167 1499 3228 etsie
1514 3171 1637 3229 certum
1650 3172 1701 3230 est
1724 3165 1909 3247 quddrngres·

295 3250 417 3312 malum
430 3247 630 3325 exemplum,
648 3243 735 3306 unde
757 3243 848 3386 pejor
863 3242 1031 3305 efficiatur.
1147 3263 1203 3308 sus
1214 3245 1378 3324 religionis
1393 3249 1440 3307 est
1449 3246 1565 3309 melius
1579 3249 1720 3323 honum3
1736 3240 1909 3325 etquidelu

336 3329 383 3390 Ad
395 3329 526 3390 tertium
538 3325 707 3388 dicendum
744 3323 788 3386 ub
819 3324 853 3384 in
868 3322 1094 3402 majoriinclu-
1146 3325 1281 3398 dubitat,
1296 3323 1513 3405 quantirmest
1527 3327 1561 3388 in
1578 3345 1624 3402 se,
1642 3327 1776 3408 derogat
1791 3321 1907 3388 suasu,

295 3407 381 3470 ditur
402 3409 521 3469 minus.
548 3406 589 3467 Et
611 3405 682 3467 ided
712 3343 767 3465 ibe
792 3403 848 3482 qui
869 3405 917 3464 est
933 3403 1093 3483 obligatus
1193 3406 1279 3467 ihoc
1302 3406 1474 3468 consilium
1501 3406 1596 3468 dedit.
1625 3407 1715 3470 Unde
1741 3401 1906 3486 Augustinus

295 3491 373 3552 voto
399 3489 450 3550 vel
470 3488 655 3568 juramento
681 3484 721 3546 ad
748 3485 930 3564 ingressum
959 3482 1094 3544 minoris
1167 3486 1223 3546 icit
1234 3485 1267 3546 in
1285 3485 1340 3546 lib.
1360 3485 1399 3546 de
1412 3485 1527 3547 Verbis
1541 3486 1648 3562 bom,
1666 3473 1907 3621 semiassi,

295 3569 474 3649 religionis,
489 3563 687 3648 potestlicitd
702 3563 810 3625 induci
825 3562 865 3626 ad
882 3563 945 3624 hoc
955 3561 1042 3640 qudd
1054 3561 1093 3624 ad
1147 3562 1262 3644 pariam
1280 3563 1299 3628 d
1314 3565 1432 3643 princ:
1447 3565 1543 3626 Vocat
1559 3573 1587 3627 te
1602 3566 1728 3636 Oriens,
1744 3566 1831 3632 idest,
1866 3557 1911 3620 bn·

286 3647 520 3727 ,majoremreli
544 3647 652 3710 ionem
664 3648 825 3717 transeat3
841 3642 906 3704 nisi
916 3642 959 3704 sit
972 3641 1095 3720 aliquid
1148 3652 1225 3715 stus,
1242 3653 1271 3705 et
1285 3653 1320 3705 tu
1329 3643 1465 3706 attendis
1487 3645 1696 3717 Occidentem,
1717 3647 1813 3712 idest,
1826 3636 1911 3700 adbo-

296 3729 436 3807 speciale
449 3665 543 3820 quob
556 3723 719 3822 impediat,
736 3720 1017 3818 putdintirmitas,
1044 3722 1096 3785 vel
1147 3725 1259 3787 minem
1269 3725 1431 3818 mortuina
1443 3731 1760 3822 eterrarepotentem.
1772 3713 1912 3786 anamodo

295 3824 525 3966 illiniti?
529 3804 900 3978 ininitiabili
909 3803 1095 3962 ,tillidi
1148 3803 1479 3964 initiabilis
1494 3805 1912 3968 {illibatissimi

296 3969 337 4032 ad
352 3971 535 4064 ingressum
550 3965 683 4058 majoris
702 3963 881 4043 religionis,
898 3979 964 4023 non
987 3964 1095 4054 potest
1148 3982 1222 4026 nem
1232 3965 1438 4044 ingressurus
1458 3983 1466 4024 ι
1483 3969 1515 4026 et
1531 3965 1576 4028 sic
1589 3967 1688 4028 etiam
1707 3983 1772 4027 non
1789 3965 1832 4026 est
1846 3958 1912 4048 loeus

296 4049 383 4110 licitd
393 4048 500 4109 induci
515 4045 555 4108 ad
569 4061 728 4106 minorem
737 4043 939 4123 religionem,
966 4059 1030 4103 nrsr
1054 4059 1095 4103 ex
1149 4045 1358 4106 dubitationis
1382 4043 1421 4105 de
1439 4043 1588 4125 ingressu
1602 4047 1782 4126 religionis,
1800 4040 1867 4122 quia
1879 4031 1912 4094 dh

297 4127 409 4207 aliqua
433 4125 564 4205 speciali
585 4120 685 4216 causa
709 4123 857 4198 evidenti,
885 4124 916 4182 et
939 4121 1001 4182 hoc
1022 4134 1095 4184 culn
1148 4125 1205 4203 qui
1223 4125 1413 4206 religionem
1433 4123 1678 4204 ingrediuntur,
1697 4143 1763 4189 non
1782 4112 1913 4208 confidunt

298 4205 539 4286 dispensatione
553 4203 742 4282 superioris.
1149 4205 1182 4265 in
1200 4202 1260 4265 sud
1274 4207 1390 4266 virtute
1401 4222 1435 4264 se
1443 4221 1539 4282 posse
1547 4205 1738 4282 subsistere,
1753 4203 1804 4267 sed
1818 4193 1912 4261 anull

297 4289 479 4354 Anareunus
493 4304 526 4347 x.
536 4280 697 4347 -Utrdm
706 4281 748 4343 sit
763 4279 918 4342 laudabile
929 4279 1013 4360 qudd
1027 4280 1097 4342 ali·
1132 4349 1134 4354 ,
1149 4283 1276 4345 virtutis
1290 4282 1418 4355 divine,
1433 4283 1610 4346 secundum
1631 4285 1713 4348 illud
1735 4287 1795 4348 lsa.
1810 4279 1854 4349 lb,
1866 4273 1911 4335 3¹²

336 4359 1097 4451 quisreliqioneminqrediaturobsqueusnttorum
1149 4359 1911 4448 QuisperantinDomino,mutabuntsortitudinen.

277 4465 285 4493 ⁸
337 4449 488 4516 consilio.
518 4453 547 4507 et
577 4443 731 4508 diuturnd
762 4439 983 4503 deliberatione
1004 4453 1096 4520 pru-4
1149 4450 1303 4508 assument
1311 4460 1444 4523 pennas,
1461 4445 1542 4508 sicut
1553 4445 1681 4525 aquile·
1694 4449 1826 4508 sument.
1838 4445 1859 4500 et
1868 4445 1914 4495 nol

282 4575 287 4606 ,
337 4528 469 4594 sedeate.
1150 4522 1351 4592 laborabunt:
1359 4522 1569 4594 ambutabunt,
1581 4530 1609 4585 et
1621 4544 1689 4587 non
1700 4526 1842 4607 deficient.
1852 4515 1876 4578 si
1887 4519 1915 4604 ta·

338 4609 385 4672 Ad
394 4609 553 4671 decimum
562 4607 608 4668 sic
617 4600 998 4684 proceditur.1.videtur
1010 4601 1096 4680 qudd
1149 4622 1224 4668 men
1236 4604 1277 4666 sit
1285 4603 1417 4682 aliquod
1432 4604 1571 4683 speciale
1581 4605 1838 4684 impedimentum
1848 4595 1914 4676 (puta

296 4681 1097 4776 sitlaudahilequbdaliquisreligionemingredia-
1150 4684 1321 4746 infirmitas
1330 4684 1580 4762 corporalis,vel
1588 4701 1688 4748 onera
1697 4667 1914 4748 deuiumnntl

297 4777 351 4834 tur
373 4773 496 4848 ahsque
523 4766 700 4827 multorum
726 4763 862 4826 consilio
887 4765 919 4824 et
943 4761 1097 4825 diuturni
1150 4761 1478 4844 aliquahujusmodi)‚
1494 4764 1527 4824 in
1541 4764 1591 4825 his
1601 4765 1780 4844 requiritur
1792 4757 1914 4822 delibera·

297 4848 528 4914 deliberatione
562 4843 772 4923 praecedente.
806 4841 931 4904 Dicitur
965 4843 1050 4902 enim
1077 4842 1094 4903 1
1129 4845 1195 4904 ¹tio
1210 4843 1426 4905 etconsilium
1442 4861 1516 4905 cum
1538 4842 1587 4906 his
1607 4845 1646 4906 de
1665 4846 1784 4923 quihus
1799 4837 1915 4918 speratur

296 4933 391 4994 loan.
409 4929 446 5005 ts,-
463 4930 479 4989 1
500 4948 508 4987 ε
525 4925 633 5003 Nolite
644 4921 763 4985 creden
783 4921 868 4983 omni
881 4921 1029 5001 spiritui,
1044 4919 1098 4983 sed
1150 4922 1236 5002 qudd
1251 4923 1377 5002 prosint
1396 4925 1427 4984 et
1440 4940 1506 4984 non
1520 4923 1708 5004 impediant.
1725 4921 1809 4985 Unde
1827 4914 1915 4977 dicitur

295 5010 426 5093 probate
438 5008 582 5089 spiritus,
596 5003 822 5067 eieaDeoeint.
832 5000 891 5064 Sed
902 4999 1097 5081 quandoque
1149 5003 1255 5066 lisele.
1268 5002 1324 5078 37,
1342 5001 1380 5061 12
1396 5023 1403 5061 :
1418 5001 1497 5064 Cum
1508 5005 1578 5067 siro
1592 5003 1769 5084 irreligioso
1788 5001 1874 5062 nacta
1890 4985 1914 5078 dt

298 5091 501 5172 propositum
523 5085 714 5166 religionem
727 5081 868 5144 intrandi
895 5098 960 5142 non
985 5084 1097 5154 estex
1150 5084 1326 5150 sanctitate,
1349 5091 1465 5144 etcum
1489 5082 1609 5163 injusto
1628 5083 1664 5144 de
1680 5081 1823 5162 institnit
1846 5081 1914 5158 quat}

297 5173 377 5244 Deo,
402 5167 475 5232 cum
501 5167 759 5244 frequenterper
785 5163 908 5224 exitum
930 5160 1096 5240 religionis
1151 5162 1246 5236 dicat,
1272 5179 1355 5234 non;
1373 5161 1459 5225 unde
1476 5146 1914 5240 sequiturrNcnattendusbtt

299 5250 517 5318 dissolvatur:
534 5246 652 5307 dicitur
669 5242 755 5305 enim
771 5242 840 5302 Act.
862 5240 892 5316 5,
914 5241 971 5301 39:
990 5240 1027 5302 Si
1053 5246 1098 5301 est
1150 5245 1186 5306 in
1201 5242 1439 5311 omnieonsilio,
1454 5241 1506 5303 sed
1521 5244 1669 5305 eumoiro
1684 5231 1914 5318 ermenardus

299 5329 357 5392 boe
372 5328 539 5392 eonsilium
550 5345 589 5386 ese
603 5325 680 5395 Deo,
696 5341 763 5385 noa
772 5322 921 5402 poteritis
930 5320 1098 5383 dissolvere
1153 5330 1227 5382 esto.
1248 5321 1285 5384 In
1295 5321 1412 5399 quibus
1423 5325 1608 5384 tamennon
1622 5327 1670 5383 est
1686 5322 1834 5382 diuturna
1851 5308 1913 5404 dil!-

298 5409 393 5474 illud.
411 5409 496 5488 Ergo
521 5407 645 5468 videtur
665 5403 752 5484 qnod
777 5399 896 5481 magni
924 5401 1098 5462 examina·
1129 5401 1275 5464 horatio
1290 5401 1450 5464 habenda.
1475 5402 1564 5462 Unde
1579 5401 1795 5482 Hieronymus
1817 5393 1878 5456 dinl
1892 5399 1912 5444 ¹1¹

298 5494 387 5555 tione
401 5486 600 5568 precedente
625 5483 764 5546 debeant
786 5479 887 5558 aliqui
909 5481 1098 5560 religionem
1152 5483 1245 5561 epist.
1265 5479 1304 5543 ad
1330 5481 1553 5556 Paulin.,103‚
1578 5479 1677 5561 prope
1705 5479 1760 5541 lin.
1778 5500 1784 5538 ε
1801 5471 1911 5538 pessino.

300 5573 434 5633 intrare.
1126 5575 1128 5578 ·
1152 5580 1252 5643 queso
1270 5569 1308 5628 te,
1323 5569 1351 5622 et
1372 5561 1514 5624 harentia
1537 5563 1572 5624 in
1592 5562 1657 5624 solo
1682 5551 1912 5634 nooiusleinnen

286 5707 288 5712 .
339 5651 371 5712 H.
392 5650 563 5721 Preterea,
580 5644 732 5708 Proverh.
752 5639 846 5716 aas,
859 5639 1099 5703 dicitur:Cau-
1152 5643 1251 5721 magis
1279 5641 1450 5721 praescinde
1477 5641 1569 5722 qudm
1591 5641 1684 5705 soloe.
1709 5639 1814 5704 Tertio
1833 5633 1912 5694 anteat

302 5752 367 5793 sam
383 5737 467 5792 tuum
482 5733 584 5788 tracta
605 5742 673 5785 enm
686 5722 784 5784 emico
806 5729 872 5783 tuo.
888 5718 947 5782 Sed
960 5719 1100 5782 maxime
1153 5722 1247 5783 modo
1275 5721 1471 5785 considerari
1496 5726 1600 5801 potest
1621 5721 1734 5783 modus
1760 5713 1912 5808 religionem

302 5811 430 5871 videtur
443 5805 583 5867 hominis
594 5822 664 5866 esse
682 5819 781 5865 causa
800 5817 873 5880 qua
897 5800 1036 5880 pertinet
1058 5801 1099 5862 ad
1154 5800 1308 5875 intrandi,
1328 5805 1361 5864 et
1375 5817 1475 5942 bum
1488 5803 1677 5882 religionem
1693 5799 1807 5879 aliquis
1820 5779 1912 5869 ragrebl

303 5887 515 5952 mutationem
539 5883 652 5948 statiis.
675 5883 760 5962 Ergo
780 5880 906 5948 videtur
930 5878 1016 5958 qudd
1033 5897 1099 5942 non
1155 5881 1284 5958 debeat;
1316 5885 1348 5944 et
1396 5881 1560 5946 eta'lihus
1583 5883 1688 5961 potest
1717 5876 1823 5944 haberi
1843 5867 1911 5932 edna
