4056 6340
86 2585 90 2592 .
160 2531 296 2592 aestimat

166 356 234 415 lint
684 351 819 422 QUAEST.
837 349 924 408 Chii.
945 347 990 406 nl:
1010 348 1281 416 incontinentis.
1733 355 1801 416 ltdt

165 469 287 550 quantd
306 465 361 533 ἐει
380 467 485 549 major
507 467 707 548 ignorantia,
734 463 824 528 tenid
853 463 954 544 magis
1008 463 1131 544 fuceret,
1143 466 1171 527 si
1184 464 1301 530 adesset
1310 465 1561 546 eoncupiscentia
1565 465 1742 548 iuuenilis?

109 595 112 606 .
164 555 331 630 peccatum
345 548 504 618 diminuit,
523 547 573 608 vel
596 545 735 608 totaliter
754 550 898 616 excusat,
920 545 955 605 iu
1007 541 1187 606 Anrrcucus
1212 562 1255 606 ιι.
1274 578 1312 588 -
1330 543 1442 607 Utrum
1461 543 1660 608 incontinens
1680 549 1735 610 iro
1755 550 1798 612 sit

165 635 322 708 quantum
337 633 448 690 causat
466 625 715 689 involuntarium
729 644 737 696 3
752 624 816 686 alio
834 622 955 684 modod
1045 623 1137 702 pejor
1160 623 1253 703 qudm
1264 623 1463 686 incontinens
1475 625 1744 704 concupiscentia.
1761 663 1799 674 -

164 725 321 770 convorso
331 707 512 788 ignorantia
522 705 656 768 ratioreis
667 704 815 783 sequitur
827 703 957 765 inclina·
1048 699 1140 780 (ins,
1154 709 1261 781 quest.
1272 700 1341 776 158,
1353 711 1415 764 ort.
1427 702 1457 776 le,
1471 705 1646 782 corp.,·et3,
1661 705 1734 768 dist.
1746 705 1798 782 eu,

165 789 284 850 tionem
296 785 476 867 appetitds3
493 789 525 846 et
539 785 611 846 talis
626 783 809 864 ignorantia
833 781 954 861 quantd
1046 789 1153 858 quest.
1166 781 1195 852 i,
1209 791 1271 842 ort.
1286 781 1316 854 2,
1348 799 1450 862 corp„
1476 790 1503 842 et
1523 783 1592 844 Ver.
1619 792 1726 864 quest.
1746 784 1798 860 25,

164 872 213 928 est
226 865 340 960 major,
355 865 445 926 tantd
466 869 632 943 peccatum
650 867 698 923 est
719 862 861 942 gravius,
878 861 956 942 quia
1046 866 1108 919 ort.
1126 859 1158 932 2,
1175 877 1274 939 coqu,
1288 867 1316 921 et
1329 861 1349 921 'l
1363 861 1485 928 nette,
1500 861 1569 922 lect.
1583 861 1614 932 6,
1632 863 1752 943 princ.)

164 945 344 1008 ostenditur
370 944 536 1006 inclinatio
561 941 721 1021 appetitus
744 959 814 1004 csse
839 941 953 1019 major.
1047 936 1796 1019 hdquartumsicproceditur.1.Videturqudd

163 1023 349 1105 ignorantia
374 1027 481 1086 autern
512 1025 577 1084 tam
607 1021 833 1082 incontinentis
857 1017 955 1097 quam
1006 1013 1209 1078 incontinens
1226 1017 1337 1080 ireesit
1355 1017 1447 1098 pejor
1469 1017 1569 1098 qudrn
1593 1019 1799 1084 incontinent

164 1103 366 1182 intemperati
395 1101 544 1181 provenit
565 1117 660 1164 oneo
685 1099 770 1178 qndd
794 1099 954 1178 appetitus
1007 1097 1284 1175 concupiscentius.
1301 1097 1428 1170 Quantd
1450 1100 1536 1160 enim
1565 1099 1724 1160 difficilius
1748 1105 1798 1162 est

164 1189 212 1246 est
227 1185 261 1244 in
273 1181 396 1260 aliquid
408 1181 581 1242 inclinatus
601 1179 668 1242 sive
680 1179 932 1257 perpessionem
944 1221 954 1253 ,
978 1238 982 1247 ,
1006 1175 1157 1237 resistere
1191 1175 1324 1249 assioni,
1344 1175 1433 1238 tantd
1456 1177 1688 1240 incontinentia
1703 1178 1799 1240 vide-

164 1257 955 1348 sicutinincontinente,siveperhahitum,sicutin
1005 1256 1061 1314 tur
1088 1272 1158 1316 esse
1169 1194 1287 1324 i'evion
1304 1254 1389 1315 undo
1405 1256 1617 1348 Philosophus
1632 1257 1708 1318 dicit
1730 1257 1799 1318 lu'l

164 1341 387 1420 intemperato.
401 1339 453 1400 Ma
467 1343 624 1400 orantem
637 1336 819 1417 ignorantia
833 1353 955 1398 causa·
1005 1331 1123 1407 Ethio,
1138 1351 1208 1412 cap.
1223 1333 1253 1404 i,
1268 1331 1376 1396 dmed.
1389 1354 1396 1392 ε
1407 1334 1437 1396 N
1440 1353 1480 1395 on
1495 1353 1574 1396 enim
1586 1335 1614 1398 si
1626 1335 1724 1416 quisd
1732 1337 1800 1417 [or-

163 1425 270 1483 turex
288 1421 395 1481 hocin
410 1359 623 1496 iniempereto
637 1413 735 1494 quim
756 1417 790 1476 in
815 1417 956 1477 inconti—
1007 1410 1444 1503 tidueetsupereecceelentidus
1464 1414 1717 1478 delectationibus
1729 1417 1800 1477 oin·

163 1503 277 1571 nente;
305 1503 337 1560 et
364 1515 431 1559 uno
459 1497 587 1576 quidem
615 1495 710 1556 modo
735 1493 890 1574 quantiun
914 1495 954 1558 ad
1007 1491 1103 1560 citur,
1122 1491 1170 1552 vei
1183 1493 1336 1558 tristetus,
1352 1492 1798 1560 eetodmirnhiimedcondna

163 1579 375 1652 durationem,
397 1577 474 1654 qnia
500 1577 534 1636 in
554 1574 772 1636 incontinente
790 1576 884 1637 durat
899 1575 954 1637 illa
1006 1569 1120 1632 nobile.
1137 1571 1207 1642 Sed,
1224 1570 1306 1633 siout
1321 1571 1503 1632 Heraclitus
1524 1573 1617 1646 dlxii,
1634 1573 1800 1655 difficilius

162 1657 344 1740 ignorantia
374 1653 479 1718 solum
509 1655 659 1750 passione
690 1654 845 1726 durante,
872 1655 956 1716 sicut
1007 1657 1051 1710 est
1072 1667 1216 1730 pugnare
1249 1659 1360 1711 contra
1395 1651 1678 1730 concupiscentiam
1707 1654 1798 1733 qndm

162 1738 304 1800 accessio
329 1734 426 1798 iehris
446 1739 591 1797 tertianae
604 1733 698 1794 durat
719 1732 854 1796 durante
868 1751 954 1794 com·
1007 1737 1118 1790 contra
1138 1729 1229 1791 ircm.
1248 1730 1333 1809 Ergo
1362 1729 1464 1792 levior
1487 1735 1536 1791 εει
1563 1731 1797 1800 incontinentia

161 1817 302 1878 motione
324 1815 487 1884 humoris;
513 1812 694 1895 ignorantia
714 1817 821 1875 autem
842 1814 955 1874 intem·
1008 1807 1273 1886 concupiscentiae
1287 1808 1384 1886 qnam
1400 1809 1632 1872 incontinentia
1646 1811 1716 1872 irae.

183 1897 263 1957 erati
286 1895 380 1956 durat
403 1891 531 1958 assidue
550 1898 681 1972 propter
701 1893 955 1970 permanentiam
1046 1887 1076 1948 2.
1088 1889 1256 1958 Preterea,
1271 1887 1298 1948 si
1313 1889 1422 1966 passio
1434 1893 1565 1966 propter
1579 1905 1672 1952 suam
1689 1890 1797 1952 vehs-

162 1913 302 2046 iahitds,
325 1973 409 2034 unde
431 1971 628 2035 assimilatur
643 1971 763 2050 phthisi
781 1977 886 2066 (pres),
904 1973 955 2033 vel
1006 1967 1158 2029 mentiam
1169 1967 1310 2030 totaliter
1330 1966 1454 2029 unierat
1469 1967 1623 2046 iudicium
1648 1968 1796 2042 rationis,

161 2054 352 2131 cuicumque
367 2053 479 2113 morbo
494 2051 665 2123 continuo,
686 2054 721 2112 ιιι
741 2050 954 2130 Philosophus
1006 2044 1140 2107 omnind
1165 2051 1341 2108 excusatur
1363 2047 1480 2124 aliquis
1505 2044 1524 2109 d
1547 2050 1690 2124 peccato,
1715 2049 1799 2112 Sinni

161 2133 280 2195 dicitin
292 2133 312 2193 'i
325 2131 441 2204 Ethio,
458 2147 529 2209 cap.
543 2129 575 2204 8,
587 2132 671 2192 circa
688 2131 792 2208 princ.
807 2131 878 2190 Alio
892 2147 956 2194 au-
1006 2127 1093 2264 patet
1109 2125 1260 2203 incoqui
1277 2123 1385 2187 incidit
1399 2145 1441 2186 ex
1454 2127 1602 2203 passione
1625 2125 1795 2188 iniuriam.

161 2217 226 2274 tem
240 2211 333 2272 modo
355 2214 405 2272 est
422 2209 527 2289 major
546 2209 730 2302 ignorantia
751 2210 953 2289 intemperati
1028 2201 1311 2282 edplusremanet
1332 2203 1500 2298 dejudiclo
1526 2205 1661 2266 rationis
1698 2206 1731 2266 in
1757 2222 1798 2268 eo

161 2289 316 2370 quantdm
341 2289 427 2353 adid
449 2289 535 2367 quod
554 2292 724 2369 ignoratur
740 2309 747 2349 c
765 2307 839 2352 nam
860 2291 955 2370 igno-
1006 2282 1063 2362 qui
1076 2288 1125 2345 est
1150 2284 1352 2346 incontinens
1378 2297 1445 2356 erce,
1463 2282 1561 2362 quam
1574 2285 1606 2345 in
1628 2303 1666 2345 co
1680 2285 1736 2363 qui
1749 2287 1798 2352 uti

159 2371 267 2433 cantia
291 2363 518 2431 incontinentis
540 2367 713 2430 attenditur
736 2366 892 2447 quantum
914 2369 955 2432 ad
1006 2361 1210 2424 incontinens
1226 2363 1625 2442 concupiscentineeiratus
1639 2363 1724 2425 onim
1738 2363 1798 2426 all-

160 2447 290 2544 aliquod
314 2449 511 2589 particulare
538 2447 688 2586 eligillsile,
706 2452 810 2586 prout
833 2448 954 2588 septicet
1006 2441 1631 2584 igeffiiffiiugittmgiffi'maffeii
1645 2443 1799 2582 poppppi-

160 2544 484 2688 ιειιιρειειιιὲοιιῗιῗιὲῗ
503 2543 954 2686 ipsigriiiiiinuiiiieffitpsffin
1005 2616 1076 2692 pap.
1090 2566 1121 2672 ii,
1138 2540 1809 2694 1·rsppciersciingotri'iii's'cepesrr’s'nncistelei!u

161 2687 268 2762 duem,
282 2688 315 2748 in
339 2692 498 2765 quantum
514 2687 634 2747 scilicet
652 2684 774 2766 judicat
799 2686 859 2748 hoc
884 2705 954 2750 esse
1002 2678 1163 2759 lnrnntitn
1177 2682 1379 2744 incontinens
1393 2680 1671 2758 concupiscentius·

161 2769 292 2840 bonum,
307 2773 343 2828 ut
356 2764 824 2844 inrefrenateconcupiscentias
838 2783 954 2844 sequa·
1045 2760 1272 2832 apresens,
1299 2761 1389 2824 tantd
1409 2759 1540 2839 aliquod
1561 2762 1729 2838 peccalum
1752 2775 1802 2834 cst

161 2851 223 2909 tur.
233 2847 319 2910 Unde
328 2845 540 2924 Philosophus
556 2844 631 2906 dicit
641 2847 673 2906 ln
685 2845 704 2904 'l
714 2845 829 2917 Ethic.,
842 2845 952 2924 capt,
1005 2840 1149 2919 gravius,
1163 2839 1285 2918 quante
1300 2845 1348 2902 εει
1360 2839 1583 2919 periculosius.
1605 2838 1666 2906 Soti
1680 2840 1801 2913 incon·-

159 2931 234 2990 ante
249 2925 385 3000 med.,et
398 2941 468 3003 cap.
482 2923 513 2998 ιι,
527 2925 560 2984 in
578 2923 646 2998 lin,
660 2923 744 3003 ch'd
756 2925 955 2986 incontinens
1005 2920 1140 2982 tinentia
1157 2919 1213 2982 ires
1232 2918 1357 2982 videtur
1379 2937 1451 2982 esse
1473 2920 1698 3002 periculosior,
1723 2929 1801 3012 qula

160 3014 205 3068 est
232 3005 341 3068 metior
366 3006 581 3082 intemperato,
608 3004 683 3084 quic
707 3004 848 3065 scirentur
872 3005 905 3067 in
919 3023 952 3064 eo
1006 2999 1150 3076 perducit
1166 3000 1330 3060 hominem
1345 3000 1503 3080 admajus
1518 3009 1802 3080 peccatumscin.

160 3083 665 3164 optimumprincipium,scilicet
681 3089 769 3146 recta
786 3083 953 3146 estimatio
1005 3086 1055 3138 cet
1075 3079 1112 3140 ad
1127 3078 1346 3152 homicidium,
1363 3079 1449 3158 quod
1472 3088 1521 3146 est
1559 3085 1802 3165 saviuspecca-

159 3164 198 3228 ιε
209 3163 285 3229 dnn.
1004 3162 1078 3252 tum
1089 3156 1187 3251 quaint
1196 3157 1401 3250 adulterium,
1415 3159 1453 3224 ad
1468 3103 1557 3240 quoi
1567 3165 1713 3256 perducit
1724 3183 1800 3229 con.

198 3246 245 3306 Ad
260 3243 435 3306 secundum
450 3242 617 3306 dicendum
633 3242 719 3323 qudd
743 3242 783 3305 ad
808 3241 954 3306 sanatio-
1005 3239 1800 3320 cupiscentueincontinentialirgorncontlnentia

159 3341 234 3386 nem
250 3322 479 3386 incontinentis
494 3337 559 3383 non
576 3323 692 3384 sufficit
706 3323 777 3385 sola
789 3323 951 3403 cognitio,
1005 3315 1119 3408 innuet
1133 3311 1370 3396 grarimtludm
1392 3319 1625 3384 incontinentia
1642 3325 1795 3404 concupi-

160 3404 216 3466 sed
228 3403 405 3482 requiritur
425 3401 561 3462 interius
579 3401 737 3463 auxilium
752 3403 862 3480 gratim
873 3419 955 3463 con·
1006 3402 1147 3460 scentes.

159 3482 388 3562 cupiscentiam
406 3481 595 3562 mitigantis,
617 3486 649 3542 ct
672 3481 842 3544 adhibetur
856 3482 952 3543 etiam
1044 3473 1105 3536 Sed
1116 3483 1228 3540 conire
1245 3482 1294 3542 osi
1307 3479 1393 3558 quod
1405 3481 1618 3560 Philosophus
1633 3481 1710 3544 dicit
1725 3482 1759 3544 in
1776 3484 1799 3548 'i

160 3563 302 3625 exterius
318 3559 495 3622 remedium
503 3557 730 3622 admonitionis
741 3565 772 3620 et
781 3560 953 3622 correctio·
1008 3553 1125 3628 Echio,
1145 3573 1214 3636 cap.
1229 3557 1260 3630 d,
1277 3559 1362 3652 qudd
1373 3559 1478 3622 mindo
1489 3561 1592 3640 turpis
1600 3562 1801 3626 cstincunii-

160 3645 223 3716 nis,
239 3661 281 3705 ex
305 3640 423 3719 quihus
449 3639 568 3718 aliquis
587 3637 699 3717 incipit
717 3639 953 3718 concupiscen-
1005 3635 1799 3721 nentiairaequdmincontinentiaconcupiscentie.

163 3722 215 3782 tiis
230 3722 392 3794 resistere,
407 3737 448 3780 ex
465 3735 531 3798 quo
552 3719 811 3797 concupiscentia
833 3719 953 3782 dehili-
1045 3716 1234 3795 llespondeo
1252 3716 1422 3780 dicendum
1445 3719 1533 3798 qudd
1553 3725 1720 3801 peccatum
1748 3727 1800 3787 in·

160 3805 259 3873 tatur,
277 3807 312 3862 ut
327 3797 555 3879 supradictum
568 3802 627 3872 εει,
642 3802 755 3878 quaest.
768 3797 906 3872 limari.
920 3799 951 3860 Ξ.
1006 3796 1211 3860 continentius
1250 3801 1355 3876 potest
1389 3799 1586 3864 considerari
1615 3802 1797 3881 dupliciter.

159 3881 200 3942 Et
217 3880 328 3941 iisdem
343 3880 439 3941 etiam
454 3877 558 3940 modis
582 3883 687 3957 potest
707 3879 815 3940 sanari
837 3880 955 3940 intem-
1005 3875 1075 3938 llno
1089 3876 1184 3938 modo
1199 3882 1346 3956 exparte
1367 3877 1547 3956 passionis,
1566 3900 1607 3943 ex
1633 3881 1699 3960 qua
1716 3884 1800 3946 ratio

161 3963 303 4040 per-atus.
315 3959 373 4020 Sed
384 3957 599 4019 diiilciliorest
609 3957 678 4037 ejus
688 3959 955 4037 sanatiopropter
1006 3959 1179 4034 superatur
1193 3977 1200 4014 ι
1216 3960 1247 4020 ει
1261 3957 1307 4019 sic
1320 3957 1553 4024 incontinentia
1567 3963 1800 4041 concupiscen-

160 4039 236 4100 duo.
250 4039 394 4114 Quorum
408 4039 548 4116 primum
567 4042 616 4099 est
635 4055 675 4098 ex
692 4043 783 4116 parte
797 4039 952 4114 rationis,
1005 4034 1057 4099 tice
1072 4036 1255 4114 turpiorcst
1272 4035 1370 4116 quam
1382 4038 1615 4104 incontinentia
1630 4041 1686 4103 irae
1698 4087 1706 4114 ,
1720 4044 1801 4121 qula

184 4137 233 4182 ιιιε
252 4123 403 4196 corrupta
420 4123 469 4180 est
486 4117 571 4180 circa
586 4117 828 4180 estimationem
848 4120 952 4180 ultimi
1006 4119 1111 4177 motus
1139 4116 1406 4196 concupiscentie
1422 4120 1520 4182 hahet
1535 4121 1690 4199 majorem
1706 4123 1800 4184 inor-

160 4137 232 4262 imis
246 4219 253 4272 ;
269 4216 344 4278 qum
360 4215 394 4258 se
412 4197 508 4260 hahet
520 4197 604 4259 sicut
624 4198 817 4277 principium
839 4199 872 4259 in
896 4198 955 4260 de·
1006 4194 1203 4260 dinationom
1216 4196 1314 4274 quam
1329 4205 1434 4262 motus
1446 4201 1511 4261 iren.

61 4303 67 4312 ·
160 4278 391 4341 monstratlvis.
414 4273 581 4340 Difficilius
604 4278 894 4340 autemreducilur
914 4278 954 4340 ad
1046 4275 1155 4337 lithoc
1192 4282 1300 4356 ruptor
1312 4282 1566 4356 quatuor,qun
1582 4279 1798 4359 Philosophus

82 4401 86 4406 -
160 4358 326 4420 venialem
340 4357 395 4418 ille
418 4356 474 4434 qui
495 4360 583 4418 errat
598 4357 683 4420 circa
700 4359 909 4436 principium,
923 4361 955 4418 et
1007 4355 1152 4434 tangitin
1183 4357 1799 4438 Ethic.,loc.cit.:primdquidcmqula

160 4437 308 4500 similiter
330 4437 364 4497 in
391 4435 564 4512 operativis
588 4436 642 4497 ille
670 4437 725 4514 qui
752 4442 839 4498 errat
869 4437 955 4500 circa
1006 4439 1112 4496 neotus
1128 4435 1746 4514 irnparucipataliqualiterranonem,
1763 4439 1798 4502 in

154 4517 267 4588 linem.
282 4515 377 4578 Aliud
390 4517 498 4576 autem
513 4519 611 4576 εειειι
631 4519 721 4593 parte
736 4515 954 4580 inclinationis
1006 4519 1165 4592 quantum
1177 4515 1408 4578 sciliocticatus
1417 4514 1517 4576 tendit
1526 4515 1564 4578 ad
1574 4515 1798 4582 vindicandum

160 4595 334 4690 appetitus,
348 4611 420 4671 quse
434 4593 467 4653 in
482 4592 694 4670 intemperato
707 4599 755 4654 cst
766 4613 807 4656 ειι
822 4597 953 4670 habitu,
1006 4593 1160 4673 injuriam
1177 4593 1238 4658 sihi
1255 4593 1390 4664 luctam,
1410 4594 1496 4674 quod
1512 4595 1696 4675 aliqualiter
1714 4597 1799 4660 ratio

161 4693 217 4754 qur
231 4673 358 4736 difficile
381 4673 521 4743 tollitur;
539 4671 704 4734 inclinatio
716 4680 823 4734 autern
845 4675 956 4735 incon·
1007 4671 1115 4747 dictat,
1125 4670 1413 4751 sednonperiectd,
1427 4674 1505 4752 quia
1520 4691 1585 4736 non
1598 4674 1798 4738 intenditde·

160 4755 407 4816 tinentlsester
423 4750 671 4830 passioneque
688 4749 954 4830 iaciiidsrepriml
1007 4753 1109 4815 bitum
1128 4751 1258 4814 modum
1276 4752 1439 4827 vindictae;
1456 4752 1511 4816 scd
1537 4757 1643 4817 motus
1672 4771 1799 4816 concu-
1835 4787 1838 4792 ·

160 4835 278 4915 potest.
1006 4832 1171 4913 piscantia
1200 4831 1340 4894 totaliter
1361 4839 1410 4894 ost
1437 4831 1613 4896 secundum
1640 4849 1798 4906 sensum,

202 4912 249 4976 hd
261 4912 392 4974 tertium
402 4911 571 4974 dicendum
587 4909 672 4993 qudd
688 4911 786 4974 libido
800 4913 955 4976 volunta·
1007 4915 1039 4976 et
1069 4911 1159 4973 nullo
1192 4911 1286 4972 modo
1314 4909 1490 4974 secundnm
1531 4914 1701 4975 rationem.
1735 4909 1798 4974 Se·-

160 4996 214 5069 tis,
240 5009 313 5072 qun
339 4995 435 5072 auget
459 4998 637 5070 peccatum,
660 4993 764 5074 major
784 4997 832 5055 est
858 4993 956 5054 inin·
1008 4987 1125 5065 cundo,
1151 4990 1229 5070 quia
1258 4996 1363 5056 motus
1384 4992 1440 5054 irco
1463 4994 1566 5073 magis
1590 4991 1798 5068 consequitur

163 5076 338 5152 temperato
350 5071 448 5154 quim
465 5073 739 5148 inincontincnte,
757 5079 793 5136 ut
812 5091 853 5136 ex
865 5073 954 5134 dictis
1009 5071 1152 5150 corporis
1164 5071 1419 5149 comples-ionem
1440 5079 1573 5152 propter
1596 5070 1798 5132 velocitatem

161 5157 250 5234 patet
269 5154 303 5216 in
327 5170 416 5232 corp.
437 5155 499 5213 art.
511 5151 570 5213 Sed
581 5153 679 5216 libido
689 5153 955 5233 concupiscentiae
1008 5152 1114 5214 molins
1129 5149 1286 5227 cholerae,
1314 5167 1387 5229 quae
1407 5151 1508 5214 tendit
1531 5149 1571 5214 ad
1590 5151 1672 5212 iram
1687 5167 1695 5210 ι
1711 5149 1798 5212 unde

161 5233 323 5312 appetitus
349 5231 494 5294 sensitivi
515 5232 711 5324 quandoque
733 5235 838 5314 major
859 5238 907 5296 ost
923 5233 955 5296 in
1009 5232 1168 5313 tungiensi
1179 5229 1463 5311 inpromptuqudd
1474 5231 1527 5292 ille
1548 5230 1603 5308 qui
1618 5232 1667 5290 est
1680 5245 1799 5291 secun-

162 5314 402 5388 incontinente,
422 5311 501 5390 quia
524 5313 727 5376 rnconlinens
756 5330 822 5375 non
845 5318 957 5393 peccat
1008 5311 1083 5373 diem
1107 5311 1362 5391 complexionem
1394 5308 1537 5389 corporis
1564 5308 1737 5387 dispositus
1757 5307 1800 5372 ad

161 5393 282 5456 nisiex
294 5393 384 5474 gravi
400 5390 675 5469 concupiscentia3
691 5392 745 5454 sed
759 5393 958 5472 intempera-
996 5391 1225 5464 arescendum,
1241 5393 1413 5459 irascatur,
1442 5387 1540 5467 quam
1558 5386 1643 5467 qudd
1662 5387 1717 5451 ille
1741 5387 1797 5468 qui

162 5477 215 5536 ins
238 5473 335 5536 etiam
357 5491 397 5534 ex
422 5469 486 5532 levi
505 5471 766 5551 concupiscentii
788 5480 910 5566 peccat,
926 5475 957 5534 ει
1009 5472 1183 5550 dispositus
1198 5474 1247 5534 εει
1261 5467 1301 5534 ad
1315 5468 1606 5548 concupisc-endum
1622 5467 1800 5546 ,concupi-

186 5550 956 5631 uandoqueeamprceveuit.litidedPlulosophus
1010 5555 1096 5623 scat;
1112 5551 1197 5614 unde
1217 5552 1313 5614 etiam
1337 5546 1537 5627 irequcntids
1564 5566 1605 5610 ex
1632 5547 1799 5610 iracundis

161 5571 283 5694 iicitin
296 5633 440 5704 intuta,
457 5629 558 5709 cap'l
575 5629 648 5704 ete,
663 5631 853 5704 circumeo,
871 5630 957 5710 qudd
1011 5637 1188 5696 nascuntur
1203 5629 1347 5693 iracundi
1363 5673 1368 5686 .
1385 5626 1484 5707 qudm
1507 5646 1548 5689 ex
1571 5627 1800 5705 concupiscen-

162 5711 262 5792 muqis
288 5713 524 5791 intemperatum
546 5709 615 5772 citu
638 5729 768 5781 erumnas,
791 5711 866 5792 quio
891 5729 956 5772 non
1010 5713 1096 5774 tibus
1112 5710 1386 5789 concupiscentes.
1404 5707 1496 5782 Quod
1517 5711 1625 5770 autem
1649 5705 1801 5786 provenit

164 5791 399 5871 concupiscens,
414 5785 602 5882 scriptandi
636 5796 695 5868 est,
716 5789 861 5862 remisse,
876 5809 958 5854 oon-
1010 5809 1053 5854 ειι
1066 5790 1207 5856 naturali
1236 5789 1379 5866 corporis
1395 5787 1616 5868 dispositione,
1633 5789 1801 5864 repensus

164 5871 326 5959 cupiemus
336 5877 533 5956 persequetur
545 5869 959 5952 &intudemouidenim
1009 5870 1113 5958 tnagis
1130 5868 1227 5938 ιειιιι
1240 5866 1384 5958 dignum.
1395 5868 1520 5950 Tertio,
1531 5867 1610 5956 quia
1622 5867 1672 5936 ira
1687 5865 1800 5957 querit
