4120 6338
275 313 328 376 735
725 301 857 364 sunna
875 248 1105 363 annotantem
1125 301 1279 363 SECUNDA
1295 301 1476 366 SECUNM.
1863 313 1916 374 m

277 440 339 496 tres
351 427 587 494 dannaoeusnt,
602 421 681 486 nihil
691 419 780 485 alind
791 417 1066 502 quandioinatia·
1124 443 1138 480 a
1156 421 1202 484 eis
1215 425 1319 485 sortes
1334 421 1466 504 legunt,
1486 423 1547 488 etsl
1564 423 1741 504 aptandum
1766 429 1809 492 sit
1829 435 1866 494 ut
1880 432 1913 496 id

277 529 331 574 nes
351 507 617 590 etmaleficiaesse
638 501 841 595 manaimus.
863 498 1068 592 Quamadrent
1122 499 1260 642 «patius
1277 501 1396 566 iaciant
1417 499 1516 582 quam
1542 504 1582 566 ad
1606 504 1764 571 demonia
1789 526 1915 574 consu-

277 588 503 652 oolumasillas
516 582 641 648 omnini
660 582 863 651 damnassent
879 579 967 642 ultra
984 587 1069 642 enter
1099 639 1101 645 Α
1122 604 1137 640 r
1164 582 1247 645 enda
1269 586 1482 656 concurrant;
1506 587 1614 647 tamen
1641 585 1737 650 etiam
1749 587 1813 652 ista
1834 591 1914 655 mihi

277 670 475 734 Christianos
497 665 641 728 nolumus
657 659 836 732 nominari,
858 666 887 720 et
920 678 959 723 ne
980 676 1069 725 caer·
1122 660 1530 741 «displiceteonsuetudo,
1545 663 1586 726 ad
1598 667 1726 746 negotia
1739 669 1912 747 secularia,

278 757 422 817 ceantur,
437 745 493 810 sub
509 741 712 808 anathematis
726 738 895 806 interdicto
920 738 1068 820 matiba-
1122 763 1136 800 a
1153 745 1184 803 et
1200 740 1328 805 adsita
1352 743 1638 824 liujusvanitatem
1655 745 1764 810 divina
1777 752 1913 815 oracula

278 848 358 891 mm,
1121 843 1137 881 r
1152 820 1233 884 velle
1245 827 1443 884 convertere.
1454 844 1468 880 s
1478 823 1645 898 Quartd,si
1656 825 1688 887 in
1698 827 1910 892 electionibus

317 906 505 988 llespondeo
534 902 703 966 dicendum
731 899 829 981 quod,
857 898 940 961 sieut
967 914 1067 978 supra
1120 901 1365 974 ecclesiasticis,
1383 919 1456 980 quse
1470 920 1511 964 ex
1524 901 1660 982 Spiritus
1681 907 1783 968 sancti
1809 907 1911 988 inspi-

276 989 395 1052 dictum
410 990 468 1062 est,
484 985 576 1048 art.3
592 983 802 1063 huj.'anest.,
816 983 919 1064 sortes
934 975 1066 1058 proprie
1082 993 1086 1004 ·
1119 979 1245 1044 ratione
1260 980 1327 1042 iteri
1340 980 1467 1054 debent,
1483 982 1585 1060 aliqui
1604 985 1745 1047 sortibus
1761 991 1910 1050 utantur.

277 1069 439 1140 dieantur,
466 1063 540 1128 edm
566 1063 608 1128 ali
635 1062 688 1126 uid
715 1061 760 1134 lrt,
791 1059 923 1152 atejus
950 1063 1067 1121 eventu
1122 1059 1222 1133 Unde,
1236 1057 1414 1131 sicutlloda
1429 1060 1506 1124 dicit
1517 1079 1616 1140 super
1628 1065 1697 1126 Act.
1710 1068 1911 1144 Apost.,loe.

278 1148 480 1211 considerato
514 1081 638 1222 aliquid
673 1141 835 1204 oecultum
872 1142 1064 1202 innotescat.
1119 1140 1912 1218 sup.eit.:«MatthiasantePentecostemordina·

277 1227 316 1288 ut
329 1227 459 1306 quidem
475 1225 500 1286 si
519 1225 683 1303 quaeratur
693 1219 813 1303 iudicio
834 1219 972 1280 sortium
989 1216 1067 1296 quid
1120 1223 1203 1282 stus
1218 1224 1305 1285 sorte
1329 1220 1504 1298 quaeritur,
1520 1222 1598 1299 quia
1621 1223 1743 1285 seilicet
1766 1224 1911 1288 nondirm
1937 1245 1946 1254 ·
1991 1277 1997 1286 .

277 1306 329 1368 cui
353 1307 394 1368 sit
417 1295 654 1376 exhibendum,
669 1301 737 1363 sive
758 1297 837 1360 illud
856 1298 898 1360 sit
910 1315 961 1359 res
984 1313 1068 1376 pos·
1120 1302 1222 1362 rorat
1243 1299 1408 1380 plenitudo
1435 1299 1572 1380 Spiritus
1592 1304 1693 1364 saneti
1711 1304 1742 1364 in
1768 1303 1912 1368 Ecclesia

277 1401 378 1458 sessa,
390 1385 457 1447 sive
472 1380 712 1453 sithominive
722 1379 945 1460 dignitas,seu
958 1393 1064 1455 poena,
1119 1377 1272 1452 reliusa;
1294 1385 1414 1456 septem
1439 1387 1547 1441 autern
1571 1379 1696 1442 diaconi
1716 1390 1827 1460 postea
1845 1402 1911 1446 nou

277 1470 334 1526 aut
351 1465 436 1526 actio
459 1463 580 1540 aliqua,
604 1465 739 1522 vocatur
760 1476 828 1521 sors
846 1455 1020 1525 divisoria;
1038 1455 1066 1516 si
1119 1463 1242 1532 «sorte,
1269 1458 1323 1520 sed
1338 1458 1494 1521 electione
1513 1460 1744 1538 discipulorum
1758 1469 1835 1524 sunt
1856 1480 1912 1525 or·

278 1549 385 1606 autem
395 1543 580 1620 inquiratur
590 1538 666 1631 quid
681 1556 777 1619 agere
792 1540 947 1617 oporteat,
964 1551 1068 1598 voca-
1119 1537 1258 1599 rdinati.
1280 1535 1409 1599 »Series
1429 1545 1537 1600 autem
1553 1547 1602 1602 est
1620 1539 1652 1601 in
1674 1543 1907 1620 temporalibus
1978 1585 1983 1592 -
2043 1579 2044 1590 ι

277 1627 331 1684 tur
352 1639 420 1682 sors
435 1621 647 1685 consultam:
662 1620 689 1680 si
704 1615 780 1679 vero
802 1619 968 1697 queratur
988 1612 1066 1692 quid
1100 1615 1338 1696 dignitatibus,
1354 1618 1480 1696 quand
1497 1626 1623 1680 turena
1636 1619 1832 1694 disponenda
1850 1640 1904 1685 or-

271 1707 319 1766 -eit
338 1701 491 1776 inturnm,
516 1708 725 1763 rosatnrsors
741 1700 945 1764 divinatoria.
966 1703 1064 1764 Actus
1117 1703 1282 1778 dinantnr,
1311 1701 1344 1764 in
1369 1715 1507 1780 quarum
1531 1699 1686 1762 eloctione
1718 1699 1910 1780 plerumque

279 1790 385 1844 entem
403 1782 579 1854 nominum,
595 1782 648 1858 qui
666 1783 877 1854 requiruntur
894 1779 932 1841 ad
947 1787 1063 1855 sortes,
1120 1782 1265 1844 homines
1291 1781 1431 1843 sortibus
1458 1785 1606 1854 utuntur,
1631 1779 1717 1840 elcut
1734 1784 1765 1840 et
1782 1779 1815 1840 in
1835 1785 1915 1842 tem·

281 1876 345 1921 nou
368 1860 547 1920 subduntur
572 1859 772 1937 dispositioni
797 1859 974 1938 stellarum,
1008 1875 1067 1920 nes
1120 1861 1278 1938 paralium
1293 1857 1580 1921 rerumdisisione.

282 1939 376 2000 etiam
403 1945 536 1999 eventus
552 1939 706 2017 ipsarum.
721 1937 809 1998 Unde
825 1939 850 1998 si
869 1938 940 2014 quis
964 1937 1000 1999 ea
1016 1939 1067 1997 in·
1159 1937 1453 2000 Sirerdnecessitas'
1467 1936 1911 2013 immineat,lieitum'esteum

236 2076 241 2094 ,
281 2019 421 2079 tentione
450 2017 588 2078 sortibus
616 2024 736 2088 utatur,
765 2017 857 2092 quasi
888 2015 1066 2094 hujusmodi
1118 2015 1910 2096 debitdreserentiAsortilsusdiripumjadicium

281 2104 370 2157 actus
388 2097 519 2158 humani
541 2097 595 2172 qui
611 2096 820 2172 requiruntur
831 2097 867 2156 ad
883 2102 997 2170 sortes,
1015 2112 1069 2156 se·
1122 2099 1309 2173 implorare.
1320 2096 1409 2159 Unde
1424 2096 1623 2175 Augustinus
1637 2095 1752 2160 dicitin
1763 2097 1857 2175 epist.
1868 2099 1912 2160 ad

114 2223 120 2236 .
176 2189 217 2267 Ἰ
281 2174 421 2236 eundum
448 2175 685 2252 dispositionem
711 2174 1067 2236 stellarumsortiantur
1122 2173 1913 2254 Honor.,quseest228,al.180,rers.lln.:«Si

179 3247 185 3261 .
283 3201 443 3278 uti,quasi
459 3199 1073 3280 lartunaeerponentesquamquispar·
1125 3224 1141 3262 r
1164 3203 1272 3264 tudine
1286 3205 1541 3281 superaret3nllri

190 5468 193 5477 ,
288 5416 376 5481 alsae
388 5419 475 5498 ipsos
486 5417 656 5496 Apostolos
664 5413 793 5476 nemrisi
801 5413 934 5475 collecto
942 5413 1076 5474 fratrum
1130 5433 1146 5469 r
1165 5411 1254 5471 novit
1268 5409 1364 5474 eorda
1377 5411 1516 5476 filiorum
1528 5414 1737 5477 hominum.»

281 2251 440 2325 ellectum,
468 2271 551 2317 rana
574 2264 605 2316 et
630 2253 708 2314 talea
738 2261 784 2313 est
809 2253 932 2331 opinio,
958 2259 989 2312 et
1013 2269 1069 2330 per
1123 2276 1137 2310 ι
1162 2257 1243 2316 inter
1261 2255 1314 2316 Dei
1332 2253 1759 2333 ministrossitdisceptatio,
1777 2255 1833 2333 qui
1849 2273 1910 2317 eo·

281 2337 858 2412 consequensnoncarensdsemonnm
874 2332 1067 2409 ingestione:
1122 2352 1231 2395 rrum
1256 2335 1486 2412 persecutionis
1513 2340 1654 2412 tempore
1681 2341 1844 2408 maneant,
1869 2351 1912 2398 ue

281 2429 326 2552 effi
349 2429 415 2550 quo
430 2412 501 2476 talis
527 2413 683 2474 divinatio
709 2413 769 2472 erit
795 2413 1016 2490 superstitiosa
1039 2416 1070 2470 et
1123 2433 1137 2468 a
1162 2413 1572 2552 lugalfiatomniunamtqqi
1589 2411 1913 2552 eoffiurpipglantilne

213 2525 216 2532 ,
280 2508 291 2551 1
329 2507 429 2552 cra..
1122 2508 1421 2554 amareomntum
1458 2509 1603 2555 eseraur
1645 2507 1823 2554 ecesa·s1
1864 2509 1891 2553 re

320 2569 388 2632 ilde
400 2573 505 2632 autem
516 2568 614 2632 eausa
629 2569 762 2646 remoti,
782 2586 911 2631 neeesse
924 2566 1069 2644 estquod
1123 2592 1138 2628 a
1162 2572 1347 2649 disceptatio
1363 2573 1454 2634 aliter
1476 2585 1540 2632 nan
1564 2573 1704 2648 potuerit
1731 2510 1914 2648 ter’mtnrrrss,

281 2649 461 2712 sortialium
477 2658 606 2710 actuum
621 2657 806 2724 expectetur
820 2654 952 2710 eventus
968 2647 1015 2708 rel
1028 2665 1069 2708 ex
1123 2649 1316 2728 «quantiam
1346 2651 1421 2710 milri
1452 2649 1588 2723 ridetur,
1616 2652 1671 2726 qui
1698 2657 1863 2727 maneant,
1882 2657 1916 2713 et

282 2728 422 2798 tortund,
446 2729 495 2788 rel
513 2747 554 2790 er
571 2726 681 2804 aliqud
698 2728 854 2806 spirituali
874 2726 973 2788 carrad
990 2726 1071 2785 diri·
1123 2749 1138 2786 a
1162 2731 1217 2807 qni
1230 2729 1367 2809 ingiant,
1382 2736 1464 2791 sorte
1478 2729 1600 2809 legendi
1612 2733 1698 2790 sunt.
1724 2727 1832 2791 »Elin
1844 2733 1860 2789 1
1873 2730 1913 2794 de

215 2859 221 2872 ,
304 2806 444 2876 entelli
464 2809 490 2866 si
509 2807 635 2882 quidem
652 2823 689 2866 ex
709 2806 950 2883 tantuna-qnod
963 2804 1069 2865 locum
1121 2808 1210 2869 Dect.
1236 2809 1359 2880 christ„
1375 2825 1446 2886 cap.
1461 2808 1512 2880 28,
1530 2807 1660 2870 dieite«
1683 2808 1713 2869 st
1729 2808 1785 2869 tibi
1803 2809 1912 2870 altun-

281 2824 401 2948 intere
430 2885 531 2963 potest
549 2881 651 2946 solim
671 2886 703 2945 in
722 2883 876 2946 diviserit
891 2892 988 2959 sorte,
1005 2901 1068 2945 non
1124 2909 1140 2946 a
1162 2889 1250 2949 daret
1276 2886 1398 2965 aliquid
1426 2888 1511 2966 quad
1541 2893 1707 2964 oporteret
1722 2887 1791 2950 dari
1808 2888 1836 2948 ei
1854 2892 1911 2968 qui

285 2964 410 3023 videtur
427 2963 544 3025 habere
568 2965 627 3023 nisi
659 2961 738 3024 torte
763 2966 873 3025 sitium
900 2963 1068 3034 vanitatis3
1125 2987 1140 3022 a
1164 2983 1227 3027 non
1251 2966 1395 3041 haberet,
1422 2984 1480 3029 nec
1503 2968 1627 3029 duobus
1651 2965 1720 3030 dari
1740 2974 1846 3045 posset
1861 2988 1869 3040 ς
1886 2969 1912 3030 si

283 3041 366 3102 sieut
381 3045 406 3103 si
424 3042 522 3118 aliqui
543 3059 605 3103 non
633 3043 771 3104 valentes
795 3042 915 3118 aliquid
939 3059 1072 3103 concor·
1125 3065 1141 3104 ιι
1165 3046 1219 3106 tibi
1231 3045 1524 3120 occurrerentduo,
1540 3063 1678 3124 quorum
1688 3051 1802 3108 neuter
1813 3046 1915 3107 alium
2043 3063 2044 3068 ¹

283 3120 366 3181 diter
389 3121 541 3194 dividere,
560 3122 657 3182 velint
673 3122 811 3192 sortibus
828 3123 866 3182 ad
884 3119 1072 3182 divisionem
1126 3146 1142 3182 r
1165 3125 1214 3186 vel
1238 3123 1422 3203 indigentiA,
1443 3125 1493 3187 rel
1508 3141 1584 3266 erfa
1599 3131 1629 3186 te
1644 3124 1755 3203 aliqud
1770 3129 1917 3187 uecessi-

1564 3203 1916 3285 justiuslaeeresquim

283 3283 343 3339 tem
355 3279 501 3357 accipiat.
1127 3304 1142 3340 r
1165 3288 1201 3344 ut
1227 3288 1310 3346 sorte
1336 3283 1484 3364 eligeres,
1509 3285 1560 3344 cui
1576 3285 1714 3347 dandum
1729 3290 1813 3348 esset
1829 3285 1916 3364 quod

322 3356 353 3418 Si
371 3356 447 3420 verd
462 3376 502 3419 ex
518 3359 677 3439 spirituali
693 3357 791 3422 eausa
808 3364 1073 3439 expectetursor·
1127 3383 1144 3419 a
1165 3362 1233 3423 dari
1252 3363 1379 3442 utrique
1393 3379 1457 3425 nan
1469 3371 1586 3442 posset.
1611 3386 1626 3422 s

284 3438 362 3497 tium
385 3437 551 3516 judicium,
567 3439 763 3517 quandoque
778 3438 906 3516 quidem
921 3445 1074 3513 expecta·
1165 3440 1203 3500 Et
1222 3459 1278 3518 per
1292 3443 1352 3504 troc
1369 3448 1455 3524 patet
1482 3443 1648 3522 responsio
1672 3441 1710 3508 ad
1732 3442 1870 3522 primum
1887 3449 1918 3505 et
1946 3485 1949 3492 ·

283 3523 337 3577 tar
350 3534 389 3577 ex
407 3518 624 3588 demortuum
647 3519 729 3579 sieut
758 3517 875 3595 legitur
891 3517 1002 3578 Erech·
1020 3513 1074 3588 21,
1125 3519 1312 3582 seeundum.
1768 3586 1769 3589 Ἴ

281 3595 332 3666 21,
352 3594 435 3671 quod
451 3613 509 3656 rea
526 3595 697 3677 Babylonis
714 3597 800 3660 stetit
816 3598 850 3658 in
862 3594 960 3667 bivia,
976 3594 1011 3655 in
1024 3611 1075 3657 ca·
1165 3599 1211 3659 Ad
1227 3601 1354 3660 tertium
1370 3601 1539 3664 dicendum
1560 3603 1647 3682 quod
1666 3601 1824 3684 judicium
1840 3601 1914 3664 lerri

281 3677 347 3754 pite
361 3675 494 3734 duarum
513 3678 647 3748 uiarum,
673 3675 899 3738 diuinationem
922 3690 1074 3755 quarens,
1126 3677 1290 3741 candentis
1305 3681 1353 3740 rel
1367 3697 1461 3758 aquae
1477 3681 1627 3744 terrentis
1657 3682 1825 3744 ordinatur
1845 3685 1918 3759 qni-

282 3755 845 3834 commisreassapittas,interrogauit
856 3755 951 3826 idola,
965 3761 1077 3815 etanta
1126 3757 1195 3819 dem
1209 3757 1247 3818 ad
1263 3758 1401 3833 alicuius
1418 3763 1535 3839 peceati
1546 3761 1660 3824 occulti
1676 3761 1916 3839 inquisitionem

283 3833 460 3900 consuluit:
479 3842 507 3894 et
524 3834 600 3895 tales
619 3841 724 3895 sortes
742 3843 816 3894 sant
833 3835 961 3911 illicita,
976 3842 1007 3895 et
1021 3849 1076 3893 se-
1127 3854 1183 3915 per
1205 3837 1323 3915 aliquid
1352 3839 1436 3917 quod
1463 3842 1504 3902 ah
1534 3841 1660 3902 homine
1685 3839 1736 3912 tlt;
1759 3846 1789 3900 et
1807 3838 1838 3899 in
1856 3839 1918 3902 hoc

285 3911 424 3971 cundum
440 3929 593 3977 ,caesones
621 3913 845 3990 prohibentur.
877 3912 1076 3989 Quandoque
1127 3919 1275 3979 convenit
1296 3935 1368 3979 cam
1394 3921 1533 3980 sortibus
1549 3939 1558 3979 s
1575 3921 1605 3979 in
1629 3925 1785 3997 quantum
1810 3927 1918 3981 tamen

287 3986 362 4051 rerd
384 3992 704 4067 expectaturrllleo,
719 3991 892 4070 seeundum
907 3991 984 4052 illud
1001 3992 1079 4052 Pro·
1128 4005 1318 4072 expectatur
1350 3999 1467 4076 aliquis
1497 3998 1706 4059 miraculosus
1739 3994 1870 4058 allectus
1898 3996 1916 4060 i

288 4068 375 4129 verb.
392 4068 441 4139 16,
458 4067 496 4128 33
514 4089 522 4129 ι
538 4070 644 4132 Sortes
660 4072 832 4130 mittuntur
846 4071 882 4132 in
895 4072 1008 4141 sinum,
1026 4067 1079 4131 scd
1129 4075 1207 4150 Deo,
1224 4078 1349 4139 excedit
1369 4094 1569 4140 cannensem
1590 4077 1723 4140 sortium
1747 4077 1917 4138 rationem.

289 4149 307 4206 d
329 4148 460 4208 ltonrino
477 4153 707 4228 temperantem
725 4155 753 4208 et
769 4149 841 4209 talis
868 4165 937 4210 sors
965 4166 1078 4211 secun·
1130 4152 1217 4215 Unde
1234 4153 1415 4234 hujusmodi
1429 4157 1583 4236 judicium
1599 4157 1745 4217 illicitum
1762 4153 1916 4228 redditur,

283 4221 358 4287 ditm
382 4245 416 4288 se
445 4227 715 4305 nonestmalum,
730 4236 763 4289 ut
778 4230 979 4306 Augustinus
997 4227 1076 4290 dicit
1130 4240 1196 4294 tum
1220 4239 1297 4310 qnia
1323 4235 1490 4296 ordinatur
1513 4236 1552 4297 ad
1575 4235 1747 4314 judicanda
1776 4235 1917 4307 occulta,

284 4305 345 4367 lac.
361 4307 412 4365 cit.
426 4307 462 4365 «in
480 4323 550 4384 arg.
565 4307 590 4368 1.
1127 4327 1200 4386 quas
1226 4314 1335 4373 divino
1357 4311 1479 4391 judicio
1494 4320 1725 4376 reservantur:
1740 4321 1806 4374 tum
1821 4313 1917 4372 etiam

323 4388 430 4449 Potest
444 4392 550 4449 tamen
564 4386 598 4448 in
610 4385 671 4447 hoe
685 4381 938 4464 quadrupliciter
954 4399 1075 4462 pecea—
1126 4383 1204 4521 3uia
1214 4385 1397 4464 hujusmodi
1407 4385 1565 4467 judicium
1578 4404 1643 4448 nou
1661 4392 1709 4450 est
1721 4389 1914 4450 auctoritate
1993 4439 1998 4448 .

285 4471 354 4527 tum
368 4465 506 4528 incidere
523 4485 530 4524 ι
547 4463 813 4544 primoquidem,
828 4461 1075 4546 siabsqueulld
1148 4460 1232 4524 ivind
1257 4463 1428 4525 sancitum.
1449 4463 1537 4526 Unde
1559 4464 1599 4538 2,
1615 4470 1727 4542 quaest.
1739 4464 1769 4536 5,
1785 4465 1913 4527 decreto

286 4545 476 4607 necessitate
496 4543 535 4604 ad
556 4549 658 4606 sortes
680 4547 869 4605 recurratur
884 4560 892 4601 s
906 4539 968 4602 hoc
989 4541 1074 4603 enim
1128 4537 1280 4618 Stephani
1298 4542 1390 4618 Papa
1406 4543 1444 4618 V,
1460 4559 1530 4621 cap.
1547 4543 1755 4617 constuisti,
1773 4542 1910 4606 dieitur:

286 4623 412 4685 ridetur
426 4622 464 4686 ad
479 4623 537 4684 Dei
557 4622 767 4685 tentationem
788 4620 961 4700 pertinere.
986 4617 1074 4681 Unde
1128 4619 1249 4680 «Ferri
1265 4620 1429 4682 candentis
1445 4622 1495 4683 vel
1512 4637 1605 4702 aqua
1622 4621 1773 4686 lerventis
1787 4623 1914 4684 exami-

287 4703 475 4764 Ambrasius
497 4701 573 4764 dicit
594 4718 692 4780 super
705 4701 842 4772 Lucam,
858 4716 929 4777 cap.
950 4700 979 4772 1,
1000 4714 1073 4776 sup.
1129 4697 1289 4759 «natione
1310 4699 1543 4762 contessionem
1565 4702 1751 4780 extorqueri
1769 4699 1915 4780 aquali-

286 4781 544 4845 illudzrl'aatum
555 4787 729 4843 astantem:
740 4778 826 4855 »Qui
837 4785 921 4840 sorte
933 4777 1073 4856 eligitur,
1128 4798 1144 4835 a
1160 4777 1223 4848 bet,
1235 4777 1319 4840 sacri
1327 4795 1391 4838 nan
1398 4782 1678 4842 censentcanones
1691 4800 1699 4840 ι
1713 4787 1745 4848 et
1752 4781 1837 4860 quod
1844 4795 1916 4843 san·

286 4860 421 4923 Aumano
447 4859 573 4944 judicio
606 4876 672 4921 non
705 4855 988 4938 comprehenditur.
1013 4855 1076 4917 Se-
1128 4857 1283 4917 aetorum
1311 4858 1441 4919 Petram
1462 4857 1653 4920 documenta
1674 4859 1832 4923 sancitum
1848 4876 1915 4921 non

286 4939 414 5013 eundo,
439 4943 466 5002 si
493 4940 566 5019 quis
598 4938 694 5001 etiam
720 4938 754 4999 in
783 4936 972 4999 necessitate
998 4937 1076 4996 abs·
1129 4934 1914 5032 aest,superstitiosaadinventionenonestprae·

287 5035 352 5099 que
377 5019 638 5083 reverentitl‘llei
667 5018 806 5079 sortibus
833 5019 954 5077 utatur.
986 5012 1075 5077 Unde
1129 5015 1362 5076 «sumendum.
1383 5015 1567 5094 Spontaned
1595 5017 1682 5079 enim
1709 5017 1913 5081 confessione

286 5115 385 5179 super
398 5101 495 5161 Actus
520 5101 630 5179 Apost.
655 5097 731 5158 dicit
750 5095 846 5170 Beda,
871 5095 904 5155 in
918 5092 973 5154 lin.
989 5111 1076 5155 eom·
1130 5117 1144 5151 a
1160 5094 1211 5154 vel
1225 5095 1353 5172 testium
1361 5095 1592 5173 approbatione
1604 5098 1767 5177 publicata
1778 5096 1914 5174 delicta,

288 5182 400 5254 ment,
424 5195 494 5258 cap.
522 5199 530 5239 ε
551 5176 637 5239 «Sed
652 5175 746 5254 siqui
760 5173 950 5237 necessitate
966 5171 1077 5252 aliquit
1130 5171 1268 5233 «habito
1281 5191 1346 5252 pree
1359 5175 1461 5237 oculis
1471 5175 1528 5238 Dei
1539 5175 1664 5252 timore,
1674 5193 1828 5241 consessa
1839 5183 1917 5240 sunt

291 5259 493 5338 «compulsi,
512 5258 613 5321 Deum
629 5259 744 5336 putant
760 5253 900 5316 sortibus
924 5252 1073 5331 exemplo
1131 5255 1270 5312 anostra
1298 5253 1446 5332 regimini
1469 5255 1631 5335 judieare3
1653 5257 1780 5320 occulta
1795 5255 1871 5319 verd
1885 5263 1918 5318 et

291 5339 542 5417 «Apostolorum
566 5355 636 5400 esse
659 5332 914 5404 consulendum,
949 5331 1077 5406 rideant
1131 5331 1323 5410 «incognita
1347 5333 1392 5392 illi
1414 5339 1491 5396 sunt
1518 5334 1730 5413 relinquenda
1750 5337 1810 5478 fflri
1827 5337 1916 5478 sglus

1803 5433 1842 5479 ea
1865 5433 1916 5478 em

288 5501 403 5560 ceretu
418 5543 427 5574 ,
443 5501 474 5560 et
496 5497 644 5576 precibus
659 5494 698 5558 ad
714 5494 816 5556 Deum
830 5491 909 5554 lusis
924 5492 1038 5572 egisse.
1060 5512 1075 5548 s
1130 5489 1213 5552 ratio
1234 5490 1361 5553 videtur
1383 5511 1454 5556 esse
1481 5493 1520 5555 de
1542 5494 1612 5574 lege
1637 5493 1835 5569 duellorum3
1854 5493 1917 5558 nisi

285 5575 447 5652 Tertid,si
466 5576 576 5640 divina
594 5575 726 5637 oracula
741 5573 780 5637 ad
795 5577 924 5636 terrena
948 5589 987 5632 ne
1011 5570 1077 5632 otia
1129 5569 1300 5649 quidplus
1316 5571 1438 5634 aceedit
1463 5572 1503 5635 ad
1526 5589 1731 5636 communem
1755 5576 1916 5638 rationem

286 5659 530 5719 convertantur.
555 5655 640 5719 Unde
654 5653 853 5748 Augustinus
874 5651 950 5713 dicit
964 5589 1009 5712 ag
1019 5650 1077 5710 in·
1130 5649 1288 5726 sortium,
1317 5649 1350 5712 in
1379 5658 1620 5728 qnantumnon
1655 5657 1844 5734 expectatur
1872 5653 1917 5716 lbi

285 5735 477 5878 &sitiones
492 5734 654 5810 ianuarii,
669 5736 762 5814 epist.
778 5730 829 5804 55,
845 5732 888 5794 al.
907 5730 977 5803 119,
1003 5745 1074 5808 cap.
1130 5728 1344 5822 miraculosus
1359 5729 1502 5807 ellectus,
1518 5733 1580 5795 nisi
1601 5730 1681 5794 torti
1700 5733 1830 5814 quando
1849 5752 1918 5812 pu·

338 5815 451 5894 ,cirea
464 5815 549 5878 med.
566 5835 574 5878 r
589 5837 604 5876 ι
622 5813 685 5894 Qui
699 5813 739 5876 de
763 5811 889 5892 paginis
907 5809 1076 5890 evangeli·
1131 5807 1213 5890 giles
1242 5814 1319 5872 sunt
1339 5809 1428 5874 valdd
1439 5811 1579 5892 impares
1596 5813 1712 5878 virtute
1725 5815 1777 5879 rel
1791 5817 1874 5878 arte.
