4110 6346
151 4685 161 4708 „
258 4635 500 4708 pronuntiatur.

289 293 342 353 aas
745 288 1512 383 sunusreeouoctcnsecuumsucunnn.‘
1864 330 1916 390 w

287 410 357 471 qum
371 405 580 472 modiorum
1130 413 1181 478 rel
1197 420 1271 481 ante
1293 424 1484 487 senentiam
1509 428 1560 490 rel
1583 433 1665 509 past.
1694 431 1733 496 lit
1793 439 1823 502 ia
1848 457 1913 510 nen

328 488 376 550 ,11
399 487 576 551 secundum
592 485 760 550 dicendum
781 487 867 567 qubd
892 493 1073 566 accusator,
1129 497 1589 582 praesumituresserectitndo,
1603 511 1658 572 ubi
1672 528 1747 577 vera
1777 517 1833 582 des
1848 539 1913 589 non

289 565 317 628 si
330 566 471 630 colludat
487 585 559 628 cum
573 583 629 628 reo
660 566 718 645 qui
732 565 849 629 noxius
867 573 930 641 est,
947 586 1074 648 prunam
1129 575 1198 646 est,
1214 574 1284 638 ided
1295 594 1360 642 non
1372 580 1446 644 licet
1458 586 1616 650 catbolico
1629 589 1670 653 11
1684 591 1843 660 infidelem
1852 601 1914 681 in..

286 643 440 708 incurrit·
468 661 592 724 exque
613 609 701 723 patet
724 644 809 725 qudd
837 653 957 726 peccat.
987 649 1075 712 Unde
1126 649 1227 714 dicem
1240 659 1404 734 appellare
1416 661 1591 757 sccunddm
1611 667 1689 732 illud
1700 671 1731 746 1,
1749 683 1864 753 quest.
1877 681 1908 756 d,

287 721 361 786 cuim
397 690 548 786 inducere
570 723 711 803 aliquem
737 724 777 786 ad
810 727 1007 820 peccandum
1033 729 1075 822 111
1126 731 1912 856 111).1210111111111111111111,1111111111

285 803 1075 961 cuttuJtiutessauriciate
1118 816 1510 972 substituat?
1517 825 1823 1006 11111111
1857 857 1910 1010 ,t

285 898 400 1021 dipnos
422 962 528 1022 morte
541 976 596 1022 eos
618 961 673 1039 qui
700 962 905 1039 peccantibus
933 980 1073 1027 consen·
1123 971 1156 1028 et
1167 968 1351 1047 Apostolus,
1365 976 1381 1036 i
1397 973 1515 1072 (1011,
1529 990 1636 1062 arguit
1650 1003 1705 1050 eos
1720 990 1775 1068 qui
1788 993 1910 1074 Judicro

285 977 387 1110 titium
409 1037 613 1100 manifestum
629 1043 678 1101 est
716 1038 780 1100 udd
795 1040 980 1104 etiamreus
995 1061 1072 1122 pec-
1124 1047 1358 1113 contendebant
1370 1055 1454 1150 apud
1468 1057 1620 1125 tutideles.
1728 1090 1731 1096 ·

249 1121 251 1124 ’
284 1119 335 1176 cat
356 1132 428 1177 cum
448 1057 861 1192 adversario'cofludend03
883 1125 1072 1184 nontamen
1162 1123 1210 1186 11
1222 1129 1397 1192 secundum
1415 1133 1583 1202 dicendum
1606 1143 1692 1221 qubd
1718 1163 1759 1208 en
1773 1155 1907 1230 proprio

282 1191 460 1256 socundbm
473 1195 559 1276 leqes
571 1195 730 1259 humanas
745 1197 921 1276 imponitur
932 1200 961 1261 ei
976 1217 1072 1278 pcena
1121 1200 1244 1266 deiectu
1257 1209 1309 1268 vel
1323 1210 1516 1292 negligentia
1530 1221 1671 1296 procedit
1689 1225 1773 1314 qudd
1788 1230 1906 1310 aliquis
2040 1211 2041 1222 ἵ

282 1277 415 1352 propter
429 1274 588 1336 rationem
597 1273 665 1354 inm
684 1273 800 1338 dicum
814 1277 848 1338 in
862 1277 958 1338 solut.
973 1297 1068 1358 prae.
1121 1279 1180 1372 sud
1193 1290 1306 1380 spoute
1317 1305 1351 1350 se
1359 1290 1490 1354 alterius
1488 1293 1620 1433 ¹{udicio
1630 1303 1787 1398 subiiciat,
1798 1307 1836 1370 de
1844 1329 1905 1408 9¹¹:

320 1352 368 1413 Ad
389 1352 522 1445 tertium
545 1352 715 1447 dicendum
741 1354 828 1433 qudd
849 1358 978 1496 sasione
1004 1374 1069 1421 non
1117 1376 1172 1439 Jus
1194 1364 1320 1455 justitia
1347 1384 1411 1428 non
1426 1387 1486 1432 con
1510 1375 1906 1474 drt.Levruetraman1mr
2040 1449 2041 1476 ,

224 1470 228 1475 ,
279 1430 448 1494 abscondit
461 1449 499 1494 se
518 1431 734 1509 calumniosi,
750 1433 806 1496 ssd
823 1452 886 1513 pru
906 1439 1007 1498 enter.
1121 1455 1193 1500 esse
1207 1442 1332 1505 videtur
1342 1451 1379 1506 ut
1394 1464 1458 1509 non
1472 1461 1658 1528 permaneat
1666 1474 1698 1519 in
1709 1477 1747 1522 eo
1760 1467 1846 1542 quod
1860 1487 1909 1532 se·

319 1551 503 1613 Amemus
527 1568 576 1613 m·
599 1585 638 1598 -
660 1549 773 1616 mm
793 1569 846 1617 reo
870 1554 962 1618 liceat
973 1555 1070 1639 judi·
1119 1518 1183 1578 mel
1196 1524 1396 1599 approbavit.
1411 1527 1451 1588 lit
1464 1527 1535 1592 ided
1556 1535 1790 1605 rationabiliter
1805 1544 1907 1611 dene·

378 1629 461 1692 ,qum
475 1646 535 1712 W
545 1629 784 1711 ,mamm
801 1631 967 1696 docum
1118 1600 1214 1735 gatus
1225 1600 1401 1666 subsidium
1415 1609 1669 1688 appellationis'rl
1678 1613 1838 1695 iudicibus
1851 1643 1906 1688 ar·

1141 1674 1272 1752 itrariis,
1288 1681 1423 1758 quinon
1442 1687 1560 1750 babent
1579 1697 1768 1769 potestatem
1782 1703 1844 1765 nisi
1859 1723 1902 1769 ex

252 1797 254 1800 ,
317 1727 367 1790 dd
385 1731 516 1795 tertium
529 1730 577 1794 sic
586 1733 780 1825 proceditur.
796 1736 825 1797 1.
838 1735 971 1799 Videtur
981 1739 1067 1817 qubd
1118 1759 1334 1821 consensuque

277 1821 334 1867 reo
347 1823 411 1868 nun
422 1808 517 1872 liceat
526 1809 682 1890 iudicium
693 1812 853 1877 declinare
862 1818 1067 1896 perappella·
1117 1830 1233 1895 dinarii
1248 1779 1357 1900 mnf

1348 1842 1481 1919 spondet
1500 1863 1542 1908 ex
1566 1865 1726 1915 consensu
1746 1857 1832 1922 illius
1845 1865 1903 1942 qui

276 1884 409 1948 tionem.
435 1887 519 1952 Dicit
539 1889 626 1952 enim
640 1893 828 1984 Apostolus,
850 1895 941 1956 Rom·
961 1896 1010 1971 13,
1027 1898 1063 1959 12
1117 1909 1185 1990 ejus
1198 1911 1317 1993 judicio
1337 1919 1504 1996 subditur,
1526 1927 1581 1988 sed
1594 1945 1636 1990 ex
1646 1936 1835 2001 auctoritate
1850 1959 1903 2004 re-

278 1959 386 2040 Qmois
403 1966 508 2030 anima
523 1969 730 2048 potestatibus
742 1970 974 2036 nbttmtortbes
986 1975 1066 2038 eub-
1116 1989 1164 2068 gis
1191 1995 1224 2052 et
1248 1995 1418 2076 principis,
1441 2002 1590 2079 quicum
1612 2009 1759 2074 instituit.
1774 2015 1901 2084 1111111

277 2039 347 2102 dita
361 2043 415 2104 sit.
432 2043 493 2108 Sed
510 2063 587 2109 reus
600 2049 791 2142 appellando
807 2057 936 2144 recusat
949 2055 1063 2135 subjici
1116 2074 1227 2133 contra
1249 2072 1319 2152 ejus
1342 2076 1496 2156 injustum
1518 2100 1691 2162 gravamen
1718 2091 1770 2154 lex
1789 2091 1903 2164 tribuit

275 2121 425 2198 potestati
438 2125 619 2206 superiori,
634 2128 754 2191 scilicet
764 2129 875 2209 Judrcr.
890 2131 974 2212 Ergo
987 2152 1065 2212 peo-
1114 2149 1543 2236 appellationis-subsidium,
1556 2163 1601 2227 ita
1614 2167 1698 2245 qndd
1713 2172 1808 2234 etiam
1818 2176 1846 2237 si
1858 2179 1902 2240 sit

276 2201 337 2260 cat.
850 2253 852 2260 ·
1114 2225 1211 2288 simul
1226 2230 1409 2297 ordinarius
1423 2241 1454 2297 et
1463 2239 1654 2307 arbitrarius
1663 2246 1781 2327 judex,
1817 2259 1902 2319 otest

313 2275 346 2338 1.
362 2279 530 2358 Praeterea,
547 2283 651 2363 maius
674 2288 723 2346 esi
739 2285 903 2381 vinculum
926 2290 1075 2384 ordina·¹
1113 2304 1155 2365 ab
1168 2322 1207 2367 eo
1224 2311 1402 2387 appellari,
1421 2317 1499 2393 quia
1519 2319 1644 2384 videtur
1658 2327 1820 2394 ordinaria
1833 2351 1901 2411 po-

274 2355 527 2501 tasset
540 2360 791 2518 111111
802 2366 1061 2524 absa.
1111 2385 1900 2569 1111111111111111111111

293 2452 302 2495 Ι
384 2455 423 2518 8ss
521 2483 529 2512 1
649 2486 656 2502 ·
696 2487 705 2516 r
782 2488 790 2504 ·
846 2490 855 2518 1
1120 2487 1121 2490 ’
1471 2525 1474 2531 ,

1358 1764 1492 1825 antium.
1506 1766 1566 1829 Sed
1578 1775 1718 1848 potestas
1725 1775 1841 1856 judicis
1850 1799 1904 1846 or·

273 2529 351 2593 quos
367 2517 537 2580 commanis
558 2537 726 2582 consensus
747 2461 881 2603 eique,
903 2543 969 2588 aaa
988 2527 1061 2590 iicet
1112 2544 1276 2606 consensit
1291 2546 1325 2607 in
1342 2565 1415 2610 eum
1434 2553 1516 2616 sicut
1531 2555 1564 2616 in
1579 2561 1754 2638 arbitrum,
1777 2583 1842 2630 non
1862 2576 1901 2634 ut

296 2608 456 2658 rovocare.
472 2597 558 2678 Ergo
572 2599 674 2663 multd
688 2600 795 2663 minbs
809 2602 883 2665 licet
896 2606 1059 2685 appellato
1111 2617 1146 2679 in
1166 2637 1240 2683 eum
1254 2640 1351 2703 quem
1365 2628 1513 2710 princeps
1531 2632 1672 2714 jndicem
1696 2642 1898 2712 ordinarium

271 2607 466 2750 {jndicibus
486 2676 669 2740 ordinariis.
1109 2695 1204 2760 dedit.

312 2748 343 2810 1.
359 2753 526 2848 Praeterea²
548 2754 626 2816 illud
646 2757 731 2834 quod
742 2753 841 2820 semel
855 2765 906 2854 est
918 2762 1057 2840 licitum,
1110 2853 1118 2868 ·
1148 2777 1197 2838 Ad
1211 2781 1340 2876 tertium
1362 2784 1532 2884 dicendum
1556 2809 1600 2935 Ἣ]

272 2834 461 2906 semperest
474 2832 608 2894 licitum.
627 2834 686 2896 Sed
701 2852 766 2897 non
785 2841 834 2900 est
855 2838 976 2902 licitum
993 2859 1059 2922 ep-
1108 2857 1153 2917 1ta
1167 2859 1316 2921 subvenit
1329 2880 1384 2923 um
1399 2873 1501 2944 paru,
1521 2887 1566 2948 qu

272 2904 393 2983 pellare
419 2913 492 2986 post
522 2909 682 2974 decimum
711 2913 809 2989 diem,
841 2934 945 2996 neque
963 2921 1057 2984 tertio
1108 2937 1211 3008 retur,
1235 2941 1266 2997 et
1280 2938 1351 3003 ideb
1366 2946 1490 3023 tempus
1505 2945 1612 3012 decem
1627 2951 1749 3018 dierum
1764 2978 1898 3026 conces·

1602 2793 1642 2856 bd
1666 2801 1799 2877 aequitas
1811 2804 1897 2885 iuris
1925 2855 1929 2867 .

1588 2873 1722 2940 daltera
1736 2898 1800 2944 nou
1815 2903 1852 2964 gr
1872 2919 1898 2932 -

272 2998 370 3061 super
383 2986 507 3049 eodem.
530 2989 616 3070 Ergo
641 2991 766 3054 videtur
781 2994 867 3073 qudd
884 2999 1057 3076 appellatio
1104 3011 1149 3073 sit
1169 3014 1209 3075 ad
1224 3019 1462 3154 apfellandum,
1477 3027 1563 3103 quod
1578 3031 1740 3099 sufficiens
1755 3042 1894 3106 aestima·

272 3076 337 3122 non
356 3063 398 3125 sit
409 3065 587 3130 secuudum
609 3087 644 3132 se
658 3069 756 3134 licita.
1107 3090 1153 3151 rit
1169 3091 1208 3153 ad
1229 3094 1267 3156 de
1281 3095 1469 3162 iberundum
1484 3119 1526 3166 an
1552 3111 1701 3188 expediat
1714 3119 1893 3197 appellare.

310 3137 369 3202 Sed
382 3145 494 3206 contra
509 3149 558 3208 est
571 3145 656 3225 qudd
679 3150 798 3213 Paulus
819 3149 1056 3238 0111111111-
1106 3166 1230 3232 sivero
1246 3189 1311 3235 non
1332 3183 1415 3240 esset
1439 3179 1683 3251 determinatum
1696 3196 1758 3254 tem
1782 3213 1837 3274 ns,
1858 3202 1894 3264 ln
1976 3181 1981 3190 ’

270 3216 412 3297 polluit,
428 3228 464 3284 ut
483 3223 622 3287 babetur
633 3228 702 3290 Act.
718 3227 768 3289 11.
1077 3271 1086 3277 -
1107 3264 1174 3325 quo
1185 3251 1348 3329 appellare
1362 3255 1481 3333 liceret,
1495 3279 1622 3342 semper
1633 3272 1747 3335 certitu
1769 3275 1896 3338 oiudi-

308 3297 496 3377 Respondeo
510 3301 678 3367 dicendum
686 3307 772 3386 qubd
781 3307 898 3388 duplici
909 3312 947 3374 de
955 3316 1055 3382 causd
1106 3326 1146 3386 cii
1159 3337 1340 3394 remaneret
1351 3333 1384 3396 in
1400 3354 1574 3417 suspenso;
1590 3347 1679 3410 etita
1697 3365 1771 3428 pars
1787 3337 1891 3422 altera

269 3377 425 3458 contingit
448 3381 589 3460 aliquem
620 3387 783 3464 appellare
807 3408 815 3446 ι
836 3407 903 3483 uno
925 3393 1054 3470 quidem
1105 3403 1374 3473 damnificaretur.
1390 3414 1465 3478 lded
1481 3425 1588 3484 autem
1612 3441 1676 3487 nun
1692 3434 1742 3491 est
1757 3449 1895 3498 conces-

269 3454 362 3516 modo
382 3457 574 3523 couddentid
595 3460 691 3542 juste
709 3471 1055 3546 cause.qu1avtdett-
1095 3500 1178 3546 sum
1201 3490 1237 3548 ut
1250 3490 1345 3552 tertib
1363 3491 1481 3572 aliquis
1496 3501 1636 3578 appellet
1649 3523 1688 3581 su
1730 3510 1891 3588 reodem,

268 3537 318 3595 cet
338 3533 455 3615 injuste
469 3536 606 3619 djudice
625 3548 796 3621 gravatum
816 3549 848 3606 et
868 3548 914 3609 sie
929 3548 1053 3614 licitum
1104 3563 1181 3639 quia
1196 3581 1261 3627 non
1276 3571 1325 3630 est
1338 3572 1517 3651 probabile,
1529 3579 1620 3643 toties
1633 3580 1755 3662 J'ndtces
1771 3587 1891 3654 drecto

267 3615 508 3754 estapffiellarm
527 3617 589 3681 boc
609 3621 694 3683 enim
713 3625 762 3685 est
788 3624 962 3701 prudenter
974 3648 1054 3694 eva-
1101 3639 1223 3719 iudicio
1235 3644 1407 3712 declinare.

266 3685 353 3752 (¹⁰10-
400 3693 1049 3782 111112,111111110111)·3,11ῑῦῑ1111ῑ
1104 3719 1283 3786 demontus
1305 3731 1523 3794 11-1111111
1534 3735 1626 3800 liceat
1638 3741 1892 3813 eoadeneatoad

268 3763 378 3831 Omnis
404 3787 568 3850 oppressus
596 3774 689 3838 tiberi
707 3779 920 3853 sacerdotum,
943 3786 972 3846 si
994 3805 1053 3849 so-
1233 3811 1361 3866 mortem
1375 3825 1406 3868 se
1417 3807 1586 3891 defendere,
1602 3817 1632 3879 si
1639 3823 1755 3899 possit.
1845 3857 1848 3862 ,

266 3844 379 3916 luerit,
400 3869 418 3910 a
437 3850 532 3942 pellet
545 3851 718 3990 {ediciam
737 3866 765 3918 et
790 3857 810 3918 d
831 3860 919 3923 bullo
933 3865 1052 3941 probi-
1142 3875 1189 3938 dd
1210 3886 1363 3972 quartum
1392 3887 1438 3949 sic
1465 3893 1658 3968 proceditur.
1694 3902 1723 3963 1.
1754 3901 1889 3971 Videtur

566 3947 586 3991 o
608 3933 877 4015 aqunrsappellat
891 3941 1052 4008 11111111-
1101 3955 1188 4092 quod
1206 3957 1302 4022 liceat
1322 3964 1533 4032 condemnato
1555 3973 1595 4035 ad
1622 3983 1757 4043 mortem
1778 4001 1813 4046 se
1832 3986 1889 4049 de·

265 3919 402 4068 awai
413 3929 578 4083 mozgone
592 4015 783 4075 contraeum
792 4015 879 4095 justa
892 4025 1051 4091 sententia
1113 4035 1249 4110 endere,
1274 4039 1301 4100 si
1329 4044 1440 4118 possit.
1462 4047 1543 4112 11111
1563 4053 1648 4116 enim
1659 4058 1701 4120 ad
1719 4063 1805 4140 quod
1824 4081 1888 4129 na-

287 4080 468 4158 roieratnr3
492 4092 523 4148 et
547 4087 608 4151 boc
621 4095 668 4152 est
682 4093 878 4158 calumniose
890 4115 924 4160 sc
938 4101 1051 4186 deleu—
1095 4113 1174 4175 ,tura
1193 4115 1346 4193 inclinat,
1370 4139 1497 4203 semper
1514 4133 1562 4191 sst
1581 4132 1723 4212 licitum,
1739 4145 1833 4220 quasi
1847 4145 1886 4206 de

263 4096 360 4236 gere,
384 4163 470 4241 quod
489 4168 539 4228 est
551 4165 715 4244 illicitum,
739 4173 822 4234 sicut
843 4175 962 4240 dictum
1001 4189 1050 4245 est
1097 4188 1170 4269 jure
1197 4197 1337 4258 naturali
1365 4203 1518 4268 existens.
1552 4208 1612 4272 Sed
1637 4219 1760 4280 naturis
1790 4221 1886 4284 incli-

263 4240 324 4300 art.
337 4258 431 4318 pree.
449 4243 538 4308 Facit
551 4247 637 4307 enim
651 4248 803 4330 injuriam
821 4253 1049 4346 1111111111-
1100 4270 1188 4331 natio
1211 4277 1261 4334 est
1282 4275 1322 4337 ad
1344 4279 1558 4347 resistendum
1583 4300 1883 4378 corrumpentibus,

262 4313 313 4407 jus
328 4319 469 4385 officium
485 4324 637 4403 impedit,
657 4331 689 4390 et
700 4329 884 4394 adversario
898 4353 969 4412 suo,
992 4357 1048 4404 cu·
1099 4363 1164 4409 non
1177 4349 1281 4413 solium
1300 4354 1334 4416 in
1353 4356 1535 4426 bominibus
1550 4369 1582 4428 et
1599 4372 1812 4452 animalibus,
1829 4381 1884 4443 sed

260 4411 313 4486 qus
325 4395 502 4476 justitiam,
520 4401 678 4482 quantdm
691 4411 807 4486 potest,
820 4417 997 4489 perturbat.
1008 4419 1048 4482 Et
1098 4427 1195 4490 etiam
1206 4428 1238 4490 in
1252 4431 1491 4503 insensibilibus
1506 4446 1615 4509 rebus.
1635 4449 1720 4531 Ergo
1735 4454 1808 4518 licet
1826 4476 1883 4521 reo

263 4473 354 4550 ideo,
370 4478 453 4541 sicut
465 4479 582 4544 dicitur
597 4480 631 4559 2,
642 4491 755 4564 quest.
772 4486 803 4558 1,
817 4507 887 4570 cap.
901 4493 951 4568 2⁷,
962 4498 1047 4562 omui
1097 4505 1307 4572 condemnato
1319 4515 1487 4595 resistere,
1503 4522 1529 4583 si
1544 4529 1667 4604 potest,
1682 4547 1723 4594 ne
1737 4535 1883 4600 tradatur

260 4553 350 4616 modo
364 4557 548 4636 puniendus
573 4569 618 4622 est
635 4564 725 4644 euius
742 4568 912 4648 appellatio
927 4573 1046 4654 injusta
1096 4582 1283 4650 inmoriem.

1135 4661 1165 4724 1.
1187 4666 1355 4745 Preterea,
1369 4673 1452 4738 sicut
1464 4678 1581 4758 aliquis
1592 4645 1785 4756 sententiam
1795 4711 1882 4757 mor·

300 4708 345 4770 td
359 4713 498 4788 primum
510 4732 587 4797 ergo
600 4718 766 4786 dicendum
790 4727 875 4804 qudd
917 4735 1043 4796 otestati
1095 4741 1135 4803 tis
1157 4750 1269 4810 contra
1295 4766 1330 4810 se
1354 4751 1452 4815 latam
1474 4759 1664 4844 subterfugit
1688 4769 1879 4850 resistendo,

260 4784 406 4850 interiori
424 4791 457 4853 in
481 4797 604 4858 tantum
620 4799 739 4879 aliquis
755 4805 868 4885 subjici
905 4811 986 4886 obet,
1010 4813 1043 4875 in
1095 4819 1139 4883 ita
1153 4823 1250 4885 etiam
1268 4826 1427 4906 lugiendo.
1450 4833 1508 4896 Sed
1524 4837 1644 4903 licitum
1665 4865 1735 4910 esse
1754 4849 1881 4916 ridetur

259 4870 418 4943 quantum
443 4872 588 4936 ordinem
605 4881 779 4957 superioris
799 4891 924 4948 servat:
941 4887 961 4951 1
977 4908 1042 4968 quo
1094 4898 1179 4975 qudd
1194 4903 1311 4982 aliquis
1335 4925 1369 4970 se
1390 4907 1410 4971 a
1430 4919 1532 4977 morte
1550 4921 1608 4996 per
1631 4921 1739 5004 lugam
1752 4927 1878 5005 liberet,

258 4944 286 5005 si
300 4949 546 5025 exorbitaverit,
564 4955 592 5016 ei
604 4958 717 5038 subjici
733 4978 798 5023 non
813 4970 950 5057 oportet,
964 4969 1042 5047 putri
1094 4979 1268 5042 secundum
1291 4985 1370 5046 illud
1392 4988 1490 5054 Eccli.
1510 4995 1549 5069 s,
1565 4997 1625 5059 18:
1642 5001 1687 5063 La
1733 5005 1825 5070 desto
1840 5009 1882 5074 ab

258 5023 285 5084 si
309 5025 395 5088 aliud
410 5026 543 5107 jusserit
578 5039 1041 5126 roconsubetalrudimpera-
1092 5053 1213 5119 bomine
1233 5070 1417 5142 potestatem
1434 5068 1561 5135 bedente
1578 5079 1667 5142 occid
1727 5084 1749 5146 i.
1767 5093 1797 5146 et
1813 5106 1879 5151 non

258 5107 319 5179 tor,
333 5110 369 5168 ut
424 5112 469 5170 tet
481 5129 540 5190 per
553 5052 698 5178 glossam
711 5118 802 5180 liam.
819 5121 857 5182 13
872 5122 952 5203 (ord.
966 5145 1038 5208 sup.
1092 5136 1298 5212 suspicaberis
1312 5142 1451 5208 timorem
1464 5154 1592 5226 martis,
1607 5162 1667 5220 etc.
1683 5161 1767 5242 Ergo
1781 5167 1878 5230 etiam

258 5182 361 5246 illud:
406 5187 440 5248 oi
456 5197 557 5252 auter
575 5194 743 5266 resistunt:
758 5204 790 5258 et
814 5204 864 5261 est
889 5204 1038 5286 August,
1092 5209 1213 5276 licitum
1227 5224 1275 5280 est
1287 5237 1343 5282 reo
1358 5224 1516 5292 resistere.

247 5269 352 5324 serm.
371 5264 441 5326 tide
461 5266 556 5330 Verb.
572 5269 678 5344 Dom,
692 5291 762 5354 cap.
777 5276 822 5358 8).
835 5277 914 5342 Cium
931 5289 1039 5349 autem
1130 5289 1160 5353 3.
1183 5295 1350 5372 Praeterea,
1368 5304 1462 5370 Pror.
1486 5309 1544 5384 11,
1560 5312 1618 5390 11,
1634 5316 1770 5382 dicitur:
1785 5323 1879 5388 Erras

259 5339 353 5404 'udex
374 5344 514 5422 aliquem
540 5347 657 5428 injuste
671 5359 794 5431 gravat,
816 5359 972 5434 quantiam
999 5363 1040 5427 ad
1091 5388 1142 5430 eos
1170 5373 1225 5454 qui
1247 5375 1406 5444 ducantur
1432 5385 1472 5448 od
1495 5399 1642 5464 astartem,⁸
1668 5402 1698 5459 et
1725 5402 1781 5479 qni
1807 5409 1877 5465 tru-

254 5359 317 5481 boc
332 5421 487 5502 relinquit
506 5425 649 5490 ordinem
663 5433 838 5509 superioris
853 5443 1037 5520 potestatis,
1089 5445 1265 5516 berterad
1289 5458 1449 5525 interitum
1471 5465 1601 5532 liberare
1624 5491 1662 5536 see
1683 5493 1788 5540 cesses.
1813 5481 1874 5544 Sed

255 5497 431 5562 secundbm
459 5519 558 5580 quam
580 5510 753 5573 necessitas
782 5515 811 5574 ei
836 5515 921 5595 Justd
950 5519 1039 5599 judi-
1112 5528 1162 5591 lus
1185 5537 1312 5597 tenetur
1330 5540 1446 5619 aliquis
1473 5546 1533 5607 sibi
1574 5549 1648 5614 uum
1666 5555 1771 5618 111111.
1788 5559 1875 5641 Ergo

254 5577 346 5639 candi
368 5579 553 5660 imponitur.
569 5584 608 5646 lit
624 5586 694 5649 ideo
707 5589 828 5653 licitum
853 5602 901 5656 est
925 5599 954 5659 ei
981 5603 1036 5680 qui
1088 5543 1265 5674 ficitumest
1273 5616 1358 5692 quod
1368 5619 1485 5699 aliquis
1496 5565 1724 5696 condemnatus
1732 5636 1874 5717 seipsum

254 5663 366 5720 contra
388 5657 545 5738 justitiam
566 5670 735 5744 11111111,
759 5669 799 5734 ad
831 5672 1037 5742 directionem
1089 5683 1247 5764 defendat,
1264 5711 1304 5756 ne
1317 5695 1350 5758 iu
1362 5704 1496 5762 mortem
1512 5705 1667 5773 tradatur.

254 5735 428 5817 superioris
447 5743 613 5816 potestatis
635 5763 821 5829 recurrere,
846 5755 1037 5833 appellanda
1128 5763 1187 5830 Sed
1210 5775 1321 5838 contm
1348 5781 1397 5838 est
1423 5779 1510 5849 quod
1534 5782 1610 5850 dicit
1629 5790 1808 5862 Apostolus
1832 5797 1875 5868 11
