4070 6338
269 344 340 403 last
710 336 844 396 SUbfflAE
863 336 1091 400 TBEULOGICAE
1111 341 1274 404 ,SECUNDA
1293 340 1474 402 SEGUNUAE.
1597 337 1601 340 ’
1851 343 1918 402 leto

309 464 341 526 b.
357 463 571 538 Preterea,si
590 462 701 525 votum
718 460 915 526 obediendie
938 460 1069 527 udreli-
1121 463 1217 543 quasi
1233 462 1413 544 indigenter
1431 461 1492 526 diri
1517 463 1571 528 iu
1610 460 1839 544 perlectionem
1858 474 1917 522 ac·

268 547 398 630 gionem
412 544 650 624 requireretur,
664 557 868 621 consequens
884 547 969 606 esset
980 542 1067 622 qudd
1122 543 1325 623 quirendam,
1340 543 1396 606 sed
1405 559 1506 684 guasi
1522 561 1580 625 per
1614 560 1654 607 oc
1668 560 1703 606 se
1715 555 1916 606 conseruau-

269 626 328 690 reli
355 625 414 687 iosi
429 629 616 687 tenerentur
628 621 768 702 prelatis
783 625 849 685 suis
864 623 898 686 iu
915 624 1066 688 omnibus
1121 631 1169 688 tes
1184 625 1218 686 in
1232 623 1370 704 eoquod
1384 641 1402 686 a
1439 622 1669 703 perlectionem
1687 623 1835 703 pertinet.

270 645 409 780 obedire,
428 705 512 767 sicut
537 709 568 765 et
588 705 774 784 pernotum
797 704 1003 767 continentie
1019 708 1068 767 te-
1162 704 1210 767 Ad
1228 707 1359 769 tertium
1377 703 1546 768 dicendum
1564 703 1648 784 qudd
1671 701 1830 784 subjectio
1841 701 1917 774 reli·¹

268 791 387 851 nentur
409 786 450 848 ab
473 784 624 846 omnibus
647 784 794 846 venereis
812 785 987 846 abstinere.
1006 783 1068 848 Sed
1123 786 1288 867 giosorum
1304 784 1526 866 principaliter
1541 785 1717 848 attenditur
1732 784 1771 845 ad
1786 783 1917 859 episco-

268 885 334 932 uou
349 868 499 928 tenentur
515 863 654 946 praelatis
678 862 744 926 suis
761 863 890 928 obedire
908 866 941 926 in
961 864 1068 926 omni·
1126 885 1196 948 pos,
1215 868 1272 945 qui
1285 871 1516 945 comparantur
1528 862 1568 928 ad
1581 883 1650 942 cos,
1662 861 1746 926 sicul
1759 862 1918 945 periecto-

268 948 344 1022 bus,
357 950 394 1009 ut
407 961 506 1027 supra
521 945 666 1007 bebitum
684 949 751 1018 est,
774 949 888 1022 quaest.
917 943 988 1023 lttt,
1007 949 1067 1008 ert.
1126 964 1177 1009 res
1190 944 1231 1009 ud
1246 945 1458 1025 periectos,ut
1474 951 1560 1026 patet
1571 963 1629 1024 per
1640 945 1846 1024 Dionysium,
1857 960 1884 1005 c.
1900 941 1919 1002 d

269 1025 301 1102 t,
315 1022 388 1089 cdm
402 1026 441 1088 de
456 1026 574 1090 virtuto
591 1023 782 1088 obedientie
798 1027 959 1106 ageretur.
983 1025 1068 1106 Ergo
1125 1027 1202 1090 cccl.
1219 1025 1323 1100 Uien,
1346 1031 1422 1088 ante
1444 1023 1541 1098 med..
1556 1025 1611 1089 ubi
1630 1025 1724 1087 etiam
1739 1017 1815 1087 dt'cit
1836 1020 1919 1100 qudd

269 1113 382 1172 votum
396 1104 584 1170 obedientie
600 1121 665 1168 nou
683 1105 864 1185 requiritur
881 1105 1068 1187 adreligio-
1126 1126 1144 1168 a
1165 1104 1397 1168 monachorum
1438 1105 1518 1168 ordo
1546 1104 1735 1184 pontificum
1767 1118 1919 1166 consum-

286 1199 371 1242 nem.
1130 1195 1147 1238 a
1161 1177 1290 1238 malinis
1316 1176 1488 1239 uirtutibus
1512 1178 1727 1256 mancipatur,
1748 1181 1781 1240 et
1803 1178 1917 1240 divinis

324 1259 355 1320 5.
373 1261 542 1333 Praeterea,
554 1258 610 1321 illa
623 1256 755 1322 servitia
768 1257 843 1316 sunt
855 1254 923 1315 Deo
936 1252 1077 1316 maxime
1131 1271 1275 1316 «eorum
1299 1254 1590 1320 illuminationibus
1612 1256 1807 1319 edocetur.»
1833 1256 1918 1320 Unde

285 1343 417 1420 accepta
430 1357 502 1418 que
511 1339 698 1410 liberaliter,
710 1339 743 1397 et
754 1349 821 1394 nou
833 1351 874 1394 cx
886 1334 1077 1396 necessitate
1129 1333 1171 1393 ab
1185 1333 1411 1413 episcoporum
1424 1333 1606 1400 obedientiis
1618 1354 1677 1398 uec
1689 1336 1844 1409 eremite,
1864 1355 1918 1399 nec

284 1419 379 1494 liunt,
394 1417 570 1483 secuuddm
584 1418 663 1479 illud
674 1417 694 1476 2
706 1415 746 1477 ad
760 1412 833 1476 Cor.
850 1412 880 1486 9,
895 1413 935 1474 ἵε
952 1413 1076 1478 Nocere
1130 1412 1231 1474 etiam‘
1241 1413 1364 1492 praelati
1375 1414 1569 1495 religionum
1579 1419 1777 1498 excusantur
1794 1435 1802 1476 :
1818 1416 1851 1478 et
1864 1413 1918 1478 sid

286 1499 430 1569 tristitia,
447 1506 502 1562 out
515 1518 554 1560 co:
562 1496 754 1561 necessitate.
769 1493 829 1554 Sed
840 1492 897 1556 illa
908 1509 982 1572 que
995 1494 1078 1556 liunt
1129 1489 1317 1556 dioecesanis
1337 1494 1496 1573 episcopis
1517 1495 1668 1570 totaliter,
1694 1495 1744 1558 vel
1767 1513 1810 1557 ex
1833 1499 1918 1573 parte

285 1597 327 1648 ex
341 1577 639 1654 obedientid,liunt
653 1595 694 1640 ex
711 1575 900 1638 necessitate
913 1575 1074 1654 precepti.
1130 1576 1206 1634 sunt
1232 1573 1391 1654 exempti,
1420 1573 1607 1655 obligantur
1639 1577 1747 1637 tamer
1774 1574 1816 1636 ad
1840 1575 1918 1636 obe-

283 1657 369 1742 Ergo
381 1656 576 1723 laudabilius
600 1658 682 1719 liunt
698 1657 784 1718 bona
798 1669 897 1735 opera
911 1669 983 1732 que
1002 1655 1075 1733 quis
1129 1652 1280 1714 diendum
1296 1670 1423 1716 summo
1436 1654 1595 1733 pontifici,
1615 1671 1681 1717 non
1696 1652 1803 1716 solrlm
1822 1653 1858 1715 in
1872 1654 1917 1716 bis

201 1788 206 1800 .
254 1753 256 1758 ·
283 1738 417 1820 propria
431 1742 546 1820 sponte
563 1735 649 1800 iacit.
665 1735 784 1798 Votum
795 1751 871 1816 ergo
886 1733 1077 1798 obedientie
1129 1738 1291 1811 quaesunt
1304 1734 1489 1796 communia
1512 1735 1608 1808 aliis,
1627 1734 1799 1798 sedetiam
1821 1734 1857 1795 in
1871 1734 1917 1796 bis

284 1837 351 1880 nou
368 1819 520 1898 competit
546 1817 714 1897 religioni,
736 1833 795 1894 per
811 1831 911 1893 quam
927 1814 1075 1877 homiues
1129 1828 1202 1906 quae
1214 1813 1395 1908 specialiter
1410 1815 1574 1895 pertinent
1586 1813 1626 1878 ad
1645 1814 1850 1895 disciplinam
1862 1831 1917 1876 re-

284 1895 826 1978 queruntadmeliorapervenire.
1127 1889 1269 1974 ligionrs.

324 1978 385 2042 Sed
400 1982 531 2050 contra,
560 1976 712 2072 perfectio
739 1974 906 2056 religionis
935 1973 1076 2038 maxime
1168 1973 1918 2056 Adquartumdicendumquddvotumobediem

284 2059 432 2122 consistit
456 2057 490 2120 in
514 2057 694 2120 imitatione
721 2053 861 2130 Christi,
898 2052 1075 2117 secundum
1128 2051 1234 2116 tiead
1248 2053 1437 2136 religionem
1460 2057 1647 2134 pertinens,
1665 2073 1701 2118 se
1721 2055 1868 2118 extendit
1881 2055 1917 2118 ad

283 2137 364 2200 illud
373 2137 486 2202 Matth.
502 2137 551 2212 19,
562 2135 599 2232 91
618 2156 626 2197 :
643 2136 737 2230 Siluio
748 2137 902 2228 perfectus
917 2151 989 2202 croc,
999 2137 1074 2210 ete,
1128 2131 1371 2230 dispositionem
1381 2135 1480 2198 totius
1495 2135 1644 2230 bumaue
1659 2136 1744 2210 vitto,
1758 2137 1791 2197 et
1805 2152 1918 2196 secun-

283 2211 1077 2373 tall'trttdtldlltlttilldtulis:
1127 2211 1917 2370 llllttltttlfilitialdittttlu

283 2377 315 2448 2,
330 2375 350 2438 s
368 2397 376 2437 t
391 2377 511 2440 Factus
526 2385 571 2439 cat
598 2375 739 2440 obediens
753 2391 849 2468 usque
870 2371 911 2434 od
935 2381 1073 2434 mortem.
1129 2389 1241 2435 omnes
1263 2374 1474 2452 particulares
1500 2381 1591 2439 actus
1609 2397 1616 2436 :
1633 2394 1772 2455 quorum
1790 2375 1919 2454 quidam

282 2459 369 2539 Ergo
383 2457 510 2520 videtur
535 2457 622 2537 quod
644 2455 827 2519 obedientia
849 2453 1008 2533 pertineat
1035 2452 1076 2516 ad
1128 2451 1168 2516 ad
1182 2453 1372 2533 religionem
1395 2457 1655 2534 conpertinent,
1671 2455 1831 2535 quianon
1847 2460 1919 2516 suut

282 2536 511 2617 perlectionem
524 2536 703 2618 religionis.
1128 2531 1275 2596 derebus
1290 2534 1524 2613 pertinentibus
1542 2535 1582 2598 ad
1599 2535 1803 2598 dilectionem
1815 2535 1874 2596 Dei
1889 2540 1919 2596 et

321 2618 510 2696 Respondeo
525 2616 694 2680 dicendum
706 2611 804 2695 qnod,
813 2614 896 2676 siout
909 2630 1008 2693 supra
1021 2612 1076 2674 di·
1150 2613 1289 2688 roximi3
1307 2614 1392 2675 sicut
1405 2614 1594 2684 confricatio
1606 2617 1725 2688 barbe,
1737 2614 1791 2677 vel
1803 2615 1918 2678 levatio

281 2699 370 2760 ctum
385 2702 445 2774 cst,
460 2702 521 2760 art.
537 2695 558 2756 2
572 2701 603 2758 et
617 2696 636 2756 s
650 2695 716 2776 buj.
733 2711 803 2773 qu.,
817 2696 920 2758 status
945 2693 1076 2786 religio·
1127 2631 1256 2755 festucae
1267 2693 1306 2754 de
1320 2693 1423 2768 terri,
1438 2699 1471 2756 et
1485 2696 1615 2770 similia,
1629 2711 1703 2774 quse
1719 2712 1785 2756 uon
1800 2694 1917 2756 cadunt

281 2778 332 2839 nis
359 2780 409 2840 est
433 2776 581 2856 quedam
606 2774 776 2854 disciplina
801 2774 854 2836 vel
882 2773 1074 2835 exercitium
1129 2774 1290 2849 subnoto,
1307 2791 1367 2836 neo
1392 2775 1453 2837 sub
1479 2774 1829 2855 obedientid;quidam
1844 2775 1918 2838 verb

281 2856 432 2920 tendendi
446 2859 480 2918 in
496 2853 946 2936 perlectionemQuicumquc
966 2857 1074 2915 autem
1129 2853 1225 2915 etiam
1239 2854 1480 2917 contrarianlur
1490 2854 1651 2938 religioni.
1665 2855 1730 2916 Nec
1746 2858 1796 2916 est
1816 2855 1918 2916 simile

281 2937 490 2998 instruuntur
506 2937 556 3000 vel
570 2935 810 3007 exercitantur,
826 2938 863 2994 ut
884 2934 1075 3011 perveniant
1127 2931 1167 2993 de
1189 2937 1262 2996 voto
1278 2933 1500 3010 continentie,
1517 2953 1575 3013 per
1591 2951 1690 3014 quam
1702 2933 1918 2997 excluduntur

282 3016 323 3078 ad
338 3017 481 3094 aliquem
491 3015 600 3090 finem,
615 3017 742 3093 oportet
755 3011 840 3090 quod
866 3010 1075 3075 directionem
1128 3016 1218 3075 actus
1232 3013 1738 3094 omninoperlectionireligionis
1749 3013 1915 3075 contrarii.

282 3095 420 3176 alicujus
446 3099 637 3174 sequantur,
665 3088 842 3157 secundum
868 3090 960 3172 cujus
990 3093 1075 3154 arbi·
1168 3093 1215 3154 Ad
1230 3093 1652 3175 quintumdiccndumqudd
1674 3094 1852 3156 necessitas
1868 3111 1917 3155 co-

280 3175 380 3238 trium
401 3176 617 3248 instruentur,
633 3174 685 3238 vel
698 3173 928 3246 exercitentur,
944 3176 980 3233 ul
995 3191 1075 3252 per·
1128 3172 1263 3234 actionis
1282 3172 1357 3236 lacit
1377 3174 1649 3250 involuntarium,
1666 3178 1699 3235 et.
1715 3174 1787 3236 ideo
1801 3175 1917 3236 exclu-

281 3254 466 3320 vcuiuntad
481 3257 573 3317 illum
586 3255 701 3328 linem,
721 3252 815 3332 quasi
840 3251 987 3330 discipuli
1014 3254 1075 3315 sub
1127 3251 1173 3312 dit
1184 3253 1343 3315 rationem
1356 3253 1464 3332 ¹laudis
1480 3259 1512 3317 et
1524 3255 1649 3329 meriti3
1665 3252 1721 3316 sed
1743 3255 1916 3316 necessitas

281 3338 448 3418 magistro.
463 3337 504 3396 Et
527 3335 599 3399 ided
614 3337 740 3413 oportet
769 3331 855 3411 quod
882 3332 1026 3412 religiosi
1040 3333 1074 3393 iu
1128 3349 1329 3411 consequeus
1349 3333 1564 3397 obedientiam
1584 3352 1650 3396 nou
1675 3337 1725 3394 est
1742 3327 1916 3396 necessitas

281 3415 332 3478 bis
347 3432 419 3496 quse
441 3416 604 3494 pertinent
617 3413 657 3477 ad
671 3412 858 3493 religiosam
873 3412 994 3486 vitum,
1016 3413 1075 3474 ali·
1128 3413 1314 3488 coactionis,
1329 3412 1383 3475 sed
1404 3414 1514 3477 libere
1536 3413 1731 3488 voluntatis,
1754 3413 1789 3474 iu
1811 3430 1918 3493 quan-

282 3491 1074 3637 οἶῄξε1115ίῖ91ῑίοηίοιιιὶωροῑίοεηὴιὲᾶῃῐυᾱζεῗηᾱο
1129 3496 1196 3632 lgm
1210 3493 1306 3632 bgimo
1320 3493 1547 3634 vralttobedire,
1559 3492 1633 3634 111ορ1
1646 3490 1728 3554 iortd
1742 3493 1917 3633 nongellct

282 3593 593 3719 bellasti
612 3589 921 3746 ..itii-lima
934 3590 1073 3721 ..llll
1127 3589 1917 3746 allisit.l2ltst³tltltd..tt⁸¹.1itt.

282 3744 312 3796 et
322 3734 539 3816 discipulante.
553 3735 692 3813 Imperio
704 3734 812 3794 autem
826 3735 858 3793 et
874 3731 1007 3792 alterius
1021 3731 1076 3792 iu·
1126 3731 1263 3794 laciendr
1284 3749 1357 3812 que
1371 3731 1548 3796 secundum
1561 3751 1596 3796 se
1610 3750 1676 3796 uou
1696 3732 1844 3825 placent,
1863 3748 1918 3810 per

283 3816 453 3878 structioni
471 3815 640 3895 subjicitur
649 3813 748 3874 bomo
761 3829 818 3889 per
832 3808 1048 3894 obedientiam
1064 3831 1072 3871 z
1128 3815 1240 3874 votum
1253 3813 1442 3876 obedientie
1462 3813 1559 3874 bomo
1581 3832 1616 3876 se
1640 3811 1769 3892 subjicit
1788 3818 1939 3892 propter.

284 3899 316 3957 et
337 3895 410 3958 ided
436 3894 618 3958 obedientia
644 3891 822 3971 requiritur
846 3889 888 3953 ad
909 3890 1073 3970 religionis
1113 3892 1249 3968 ileum,
1276 3911 1319 3955 ex
1332 3892 1394 3954 boc
1411 3893 1482 3972 ipso
1497 3909 1536 3956 ea
1552 3892 1733 3972 quelacit,
1750 3897 1828 3954 sunt
1855 3893 1917 3954 er

282 3975 520 4053 perlectionem.
1127 3973 1229 4053 magis
1246 3977 1388 4052 accepta,
1404 3974 1530 4036 etiamsi
1541 3974 1754 4045 siutmiuora,
1771 3973 1852 4051 quia
1867 3973 1918 4032 ni-

324 4053 371 4115 Aa
385 4055 525 4131 primum
548 4069 625 4133 ergo
648 4051 817 4113 dicendum
841 4047 928 4129 qubd
945 4051 1075 4114 obedire
1127 4052 1173 4114 hil
1187 4052 1292 4133 majus
1305 4057 1411 4132 potest
1426 4054 1522 4115 bomo
1535 4053 1602 4116 Deo
1617 4053 1694 4116 dare
1712 4049 1813 4132 quum
1830 4051 1917 4132 qudd

284 4133 425 4213 prelatis
448 4133 482 4193 in
499 4132 546 4193 his
571 4148 644 4211 quas
658 4132 820 4208 pertinent
837 4131 877 4192 ad
893 4131 1076 4194 necessita·
1127 4133 1293 4210 propriam
1315 4132 1514 4195 voluntatem
1527 4138 1658 4214 propter
1677 4133 1687 4194 i
1711 4149 1782 4198 sum
1801 4135 1918 4194 volun-

283 4217 348 4276 tem
372 4213 517 4288 virtutis,
534 4214 666 4274 nonest
689 4210 996 4289 supererogationis,
1020 4211 1075 4272 sed
1127 4211 1499 4292 tatialteriussubjieiat.
1514 4212 1601 4276 Unde
1625 4213 1660 4273 iu
1683 4151 1917 4274 gollutionibus

174 4289 176 4296 ’
285 4293 436 4356 omuibus
452 4308 640 4362 commune;
655 4289 711 4352 sed
727 4288 856 4350 obedire
870 4289 903 4349 in
931 4288 979 4350 bis
1003 4306 1075 4368 quse
1128 4294 1271 4366 Petrum,
1287 4293 1423 4367 coll.17,
1440 4311 1510 4372 cap.
1523 4294 1554 4368 7,
1570 4289 1685 4373 parum
1704 4289 1856 4370 aprino,
1872 4292 1918 4352 di·

283 4373 448 4455 pertinent
461 4370 501 4436 ad
524 4371 715 4435 exercitium
735 4369 953 4448 perfectionis,
970 4371 1076 4447 perti·
1128 4372 1211 4433 citur
1230 4395 1244 4430 u
1260 4370 1466 4435 deterrimum
1482 4391 1583 4454 genus
1597 4373 1833 4434 monachorum
1848 4390 1917 4433 esse

283 4455 341 4515 net
353 4450 482 4532 proprie
492 4452 531 4514 ad
548 4451 736 4532 religiosos:
752 4453 783 4512 et
798 4449 1076 4528 comparaturista
1129 4474 1145 4510 u
1161 4451 1442 4534 Sarabaitas,quia
1457 4470 1533 4518 suas
1549 4453 1755 4516 necessitates
1767 4455 1917 4514 curantes

284 4532 512 4596 obedientiaad
529 4532 642 4606 alium,
654 4532 738 4594 siout
753 4527 937 4592 universale
948 4530 988 4592 ad
1001 4545 1076 4610 par·
1130 4533 1299 4596 «absoluti
1312 4530 1332 4597 d
1345 4533 1511 4595 seniorum
1524 4533 1614 4615 jugo,
1641 4532 1764 4594 babent
1787 4531 1919 4593 liberta-

283 4613 430 4694 tiqulare.
446 4612 497 4674 llli
512 4613 598 4675 enim
610 4612 666 4692 qui
684 4612 717 4670 in
733 4611 843 4672 seculo
858 4609 986 4684 visunt,
1008 4611 1076 4673 ali-
1129 4616 1223 4673 utem
1246 4613 1361 4693 agendi
1405 4614 1461 4676 uid
1482 4615 1608 4676 libitum
1625 4610 1740 4685 luerit3
1757 4616 1790 4673 et
1808 4615 1916 4674 tamen

283 4693 361 4772 quid
377 4694 437 4756 sibi
454 4693 605 4766 retinent,
620 4695 651 4754 et
663 4691 784 4769 aliquid
794 4691 861 4753 Deo
872 4690 1073 4769 largiuntur;
1129 4692 1259 4773 «magis
1274 4689 1373 4771 quam
1383 4633 1421 4754 in
1437 4694 1493 4771 qui
1521 4693 1554 4754 in
1570 4691 1723 4756 coenobiis
1740 4691 1873 4772 degunt,
1885 4691 1917 4750 iu

284 4777 316 4834 et
329 4770 505 4836 secuudum
517 4771 774 4834 hocobedientia
784 4770 989 4850 praelatorum
999 4771 1076 4832 sub-
1130 4794 1145 4831 u
1161 4772 1434 4851 operibusdiebus
1444 4773 1915 4835 acnoctibusconsumuntur.·

218 4883 223 4890 ·
284 4852 416 4915 duntur.
430 4852 480 4914 llli
495 4852 572 4916 verb
586 4849 642 4931 qui
659 4851 773 4914 vivunt
792 4851 826 4911 iu
840 4849 1014 4928 religione,
1027 4853 1076 4911 to·
1128 4853 1309 4916 narremus
1328 4869 1372 4913 vr.
1388 4887 1425 4899 -
1437 4851 1551 4917 Utrdm
1569 4851 1751 4932 requiretur
1763 4849 1805 4912 od
1815 4851 1916 4931 perse-

283 4934 392 4995 taliter
406 4951 441 4995 se
460 4932 491 4994 et
506 4949 566 4995 sua
588 4932 737 4994 tribuunt
751 4931 830 5004 Deo,
854 4933 891 4990 ut
913 4947 955 4992 ex
975 4945 1076 5008 supra
1168 4932 1301 4994 ctionem
1313 4932 1477 5011 religionis
1500 4932 1584 5013 qudd
1600 4939 1787 5012 paupertas,
1812 4931 1901 4993 conti
1912 4967 1915 4972 -

283 5012 375 5075 dictis
398 5017 503 5092 patet,
518 5015 579 5075 art.
595 5009 615 5072 3
630 5011 696 5091 huj.
716 5027 771 5091 qu.
787 5009 875 5073 Unde
892 5009 1076 5073 obedientia
1167 5012 1275 5074 ocello
1288 5019 1316 5072 ct
1331 5009 1505 5075 obedientia
1517 5011 1629 5074 cedant
1638 5009 1787 5072 subnoto.
1798 5045 1836 5055 -
1847 5009 1915 5088 (1-9,

284 5109 397 5154 corum
411 5091 676 5155 estuniversalis.
1235 5099 1274 5153 st.
1298 5091 1367 5164 108,
1389 5100 1450 5153 ort.
1474 5092 1503 5166 3,
1521 5110 1574 5153 cor
1599 5135 1619 5160 .,
1644 5098 1671 5152 et
1695 5089 1831 5158 dcent..
1849 5109 1884 5150 co
1909 5133 1915 5146 .
2002 5097 2003 5158 g

325 5171 373 5233 Ad
387 5173 563 5235 secuudum
577 5170 744 5232 dicendum
757 5169 855 5248 qudd,
872 5170 955 5231 sicut
970 5169 1076 5231 Philo-
1167 5109 1274 5246 ffict
1284 5189 1335 5252 op.
1351 5171 1400 5244 18,
1412 5191 1479 5253 cop.
1489 5172 1526 5234 11
1536 5109 1623 5245 elib,
1636 5176 1664 5230 ct
1674 5186 1726 5307 off.
1736 5169 1787 5244 19,
1797 5107 1905 5250 cupi?

284 5252 407 5332 sophus
420 5253 538 5314 dicitin
550 5251 570 5310 1
582 5251 698 5324 Ethio,
712 5267 782 5328 cap.
802 5251 819 5311 1
845 5253 876 5310 et
890 5249 920 5321 9,
939 5250 1076 5310 «homi-
1166 5252 1214 5313 Ad
1234 5259 1362 5313 sentum
1375 5252 1421 5313 sic
1435 5250 1629 5332 proceditur.
1643 5250 1671 5310 1.

286 5349 373 5395 «nes
386 5333 601 5396 exercitantes
613 5348 648 5393 se
657 5332 692 5392 iu
709 5329 861 5408 operibus
881 5329 1076 5408 perveniunt
1128 5349 1194 5393 uon
1223 5333 1409 5412 requiratur
1431 5332 1470 5394 ad
1497 5330 1725 5410 perlectionem
1751 5328 1916 5410 religionis

157 5426 161 5442 ·
286 5412 355 5476 «ad
364 5413 491 5492 aliquos
502 5412 741 5490 babitus,quos
757 5408 830 5474 cium
844 5410 1073 5488 acquisierint,
1128 5411 1803 5491 quddpraedictatria,scilicetpcupertus,
1819 5409 1916 5470 conti·
2002 5455 2003 5490 3

286 5493 445 5556 «eosdem
456 5497 546 5556 actus
557 5490 698 5556 maxime
708 5493 843 5569 possunt
854 5491 1014 5568 operari.»
1025 5489 1076 5554 Sic
1128 5493 1236 5554 centio
1248 5496 1280 5554 ct
1292 5491 1474 5562 obedientie,
1489 5492 1606 5555 cadant
1623 5491 1683 5553 sub
1705 5493 1793 5552 voto.
1817 5487 1917 5551 Disci-

284 5571 633 5652 ergoobedicndo,illi
650 5571 787 5650 quinon
805 5574 881 5632 sunt
903 5569 1076 5648 perlectio-
1128 5573 1217 5650 plina
1232 5573 1318 5635 cnim
1336 5570 1540 5652 perfectionis
1562 5569 1765 5640 assumendus
1789 5587 1831 5632 ex
1851 5573 1917 5630 tra-

284 5669 359 5715 ucm
374 5653 499 5732 adepti,
515 5651 1075 5731 adperlectionemperveniunt3illi
1128 5653 1248 5715 ditione
1274 5653 1402 5715 Domini
1429 5659 1479 5715 est
1502 5656 1644 5732 accepta.
1670 5649 1731 5711 Sed
1758 5649 1916 5712 Dominus

285 5737 393 5795 autem
417 5733 473 5812 qui
489 5732 557 5814 jam
584 5735 661 5794 sunt
688 5731 916 5811 perlectionem
946 5730 1070 5810 adepti,
1128 5731 1208 5798 daus
1222 5730 1709 5814 lormampericctionis,blattb.
1736 5727 1785 5803 19,
1806 5727 1857 5804 91,
1877 5727 1916 5789 di

284 5811 425 5875 maxime
439 5812 579 5892 prompti
597 5815 672 5873 suut
694 5811 734 5875 ad
754 5811 982 5888 obediendum,
1008 5828 1074 5873 nou
1129 5813 1191 5875 cit:
1207 5814 1243 5876 Si
1255 5813 1303 5876 vis
1312 5814 1469 5895 perfectus
1489 5832 1568 5884 csse,
1584 5811 1677 5880 oudo,
1692 5807 1796 5872 ›eende
1813 5807 1916 5872 omnir

1907 5169 1914 5200 ,
2002 5173 2003 5184 .

1715 5248 1877 5330 ideturqu
2002 5291 2003 5318 ,
