4120 6338
244 343 295 403 777
685 336 814 396 sonitu
833 335 1062 398 taeniotica
1081 338 1237 400 secundi
1256 337 1438 398 SECUNDAE.
1830 342 1885 402 768

241 459 480 525 exhibebantur
490 457 584 522 bonis
599 456 762 538 prophetis
775 455 816 519 ad
826 456 1034 519 sustentatio·
1087 475 1153 536 quo
1169 459 1212 521 ab
1225 455 1368 521 Ecclesia
1382 453 1572 520 beneficium
1587 453 1763 536 recipiunt;
1776 454 1798 521 l
1809 459 1882 598 pii·

1843 555 1883 603 oo

242 558 316 604 nem
332 541 493 620 ipsorum,
514 555 580 601 nori
597 537 690 616 quasi
708 535 748 599 ad
765 535 934 599 emendum
954 553 1035 615 pro-
1087 538 1147 600 bus
1163 554 1228 600 non
1243 537 1317 599 licet
1329 538 1376 600 eis
1391 534 1514 616 aliquid
1526 536 1680 617 recipere,
1693 554 1754 599 nec
1766 536 1806 600 ad

240 621 358 700 photiae
373 639 487 694 usum3
527 637 602 680 uem
620 621 728 679 tamen
746 616 1033 696 pseudoprophetas
1109 616 1173 680 uod
1189 617 1340 692 doceant,
1357 635 1416 679 nec
1432 615 1471 678 ad
1486 616 1548 679 boc
1562 615 1648 696 qudd
1669 614 1780 696 aliqua
1800 616 1882 684 testa

240 701 473 780 retorquebant
487 637 527 760 aa
543 703 712 776 questum.
1087 634 1206 759 paciant
1216 696 1267 759 vel
1282 697 1536 776 praetermittant.

281 779 329 842 Ad
345 779 520 843 secundum
534 777 701 839 dicendum
716 775 802 857 qudd
818 775 864 837 illi
881 776 937 856 qui
957 775 1035 838 daiit
1126 775 1174 837 Ad
1188 780 1341 854 quartum
1357 775 1525 838 dicendum
1546 774 1633 870 quod
1653 794 1713 856 pro
1729 775 1879 857 ingressu

241 859 379 922 eleemos
404 877 462 921 nas
485 857 701 936 pauperibus,
724 861 762 917 ut
786 855 968 919 orationum
992 855 1034 918 ab
1087 855 1274 919 monasterii
1292 873 1358 917 non
1372 855 1446 918 licet
1459 855 1582 935 aliquid
1596 854 1742 936 exigere,
1756 857 1806 919 777
1822 873 1880 920 ac·

240 938 319 1018 ipsis
332 880 485 1020 suffragia
497 937 680 1016 impetrent,
694 952 760 996 non
773 953 811 998 eo
821 940 933 996 tenore
943 934 1031 1007 dant,
1086 935 1192 1013 cipere
1208 937 1302 1014 quasi
1317 935 1474 1014 pretinm;
1490 935 1700 1007 licettamen,
1717 935 1744 998 si
1760 952 1881 999 mona-

240 1019 335 1096 quasi
353 1018 553 1082 intendentes
572 1017 736 1080 orationes
758 1032 880 1088 emere3
901 1015 956 1076 sed
975 1031 1034 1093 per
1086 1015 1220 1078 sterium
1240 1015 1282 1077 sit
1302 1019 1417 1090 tenue,
1432 1015 1520 1093 quod
1540 1031 1606 1076 non
1624 1013 1762 1077 subiciat
1776 1014 1817 1078 ad
1833 1016 1881 1078 tot

239 1097 413 1176 gratuitam
434 1095 678 1160 beneficentiam
701 1111 880 1174 pauperum
906 1093 1031 1156 animos
1085 1111 1241 1173 personas
1261 1093 1467 1166 nutriendas,
1483 1093 1581 1175 gratis
1598 1093 1727 1172 quidem
1747 1095 1880 1174 ingres-

238 1179 416 1318 paaut
434 1177 475 1240 t
491 1176 559 1317 aa
577 1173 1034 1316 atl
1086 1191 1162 1314 aa
1177 1174 1365 1315 aaa
1384 1172 1880 1316 utaaaautuaaa

237 1272 493 1399 galligldefieiirtffi
507 1271 832 1397 77Υ7ῗ7717ῗ7ί71777777777777
840 1271 1034 1426 {iradicgnf
1085 1271 1409 1412 ilucritpiscivpiceudgin,³
1429 1271 1457 1396 {i
1480 1332 1520 1395 ad
1534 1271 1605 1394 (icc
1626 1349 1696 1425 non
1719 1272 1880 1396 suitisciant

237 1415 337 1490 tium,
351 1433 417 1476 non
435 1419 543 1478 autem
555 1414 596 1476 ad
613 1413 782 1476 emendum
793 1413 1031 1552 predicationis
1085 1413 1273 1474 monasterii
1289 1431 1378 1492 opes.
1396 1412 1547 1474 Similiter
1563 1411 1658 1474 etiam
1674 1412 1797 1474 licitum
1811 1416 1877 1487 est,

238 1496 384 1556 verbum.
406 1495 495 1556 Unde
516 1511 615 1572 super
634 1492 713 1554 illud
734 1493 750 1553 1
773 1508 793 1554 a
832 1491 970 1553 Timotb.
987 1489 1030 1552 5:
1085 1491 1113 1553 si
1126 1495 1258 1570 propter
1273 1492 1475 1555 devotionem
1494 1508 1593 1571 quain
1608 1491 1727 1571 aliquis
1743 1490 1783 1554 ad
1809 1508 1880 1552 ino·

237 1573 303 1650 Qut
313 1572 536 1652 bradproesuut
547 1571 730 1653 presbyteri,
744 1574 817 1646 etc,
831 1570 906 1634 dicit
919 1571 1034 1635 Glossa
1085 1571 1263 1635 iiasterium
1287 1572 1442 1645 ostendit,
1466 1571 1574 1651 largas
1594 1571 1815 1650 eleemosynas
1831 1569 1879 1635 ia·

240 1650 250 1732 7
258 1653 431 1734 Augustini
444 1653 500 1715 lib.
514 1653 552 1715 de
566 1653 736 1726 Pastorib.,
752 1667 822 1729 cap.
837 1650 869 1726 2,
885 1650 925 1714 ad
939 1649 1030 1732 tin.):
1085 1649 1209 1726 ciendo,
1222 1649 1345 1713 luciliiis
1358 1651 1391 1712 iii
1404 1650 1601 1713 monasterio
1614 1650 1788 1729 recipiatur
1799 1670 1807 1710 :
1818 1650 1880 1712 sic·

237 1731 441 1796 Necessitates
460 1739 504 1793 est
524 1732 663 1812 occipere
677 1730 759 1792 ande
778 1729 910 1800 eicitur,
927 1729 1033 1792 77777-
1085 1727 1880 1809 ntetiamlicitumestaliquemdconversoprovo·

238 1813 314 1873 totis
331 1820 375 1873 ssi
384 1811 521 1892 prodere
533 1831 543 1880 ,·
556 1830 622 1873 aaa
637 1818 737 1872 tamea
750 1809 856 1872 777777
867 1818 911 1871 est
922 1811 1034 1873 Ecca·
1085 1825 1159 1871 care
1169 1808 1417 1872 addevotionem
1428 1808 1615 1870 monasterii
1625 1827 1682 1887 per
1691 1808 1880 1888 temporalia

238 1890 368 1970 pelium,
393 1900 429 1952 ut
449 1909 511 1970 pro
530 1889 579 1954 bis
601 1889 790 1971 predicetur
807 1910 818 1950 .·
837 1890 865 1951 si
887 1889 967 1951 sulm
988 1889 1034 1950 stc
1085 1887 1259 1962 beneficia,
1273 1893 1311 1951 ut
1325 1908 1366 1951 ex
1382 1889 1445 1950 boc
1458 1888 1630 1950 inclinetur
1641 1889 1681 1952 ad
1692 1887 1880 1951 monasterii

238 1969 387 2040 cendunt,
403 1967 843 2051 moqacmrsmoilieeadaat
854 1970 972 2047 pretio.
986 1968 1033 2030 Si·
1085 1965 1286 2047 iiigressum3
1311 1967 1386 2031 licet
1411 1985 1478 2029 iioii
1506 1969 1546 2029 sit
1573 1966 1695 2029 licitum
1719 1986 1762 2029 cx
1786 1972 1879 2047 pacto

239 2048 357 2112 militer
368 2051 463 2113 etiam
476 2050 587 2128 aliqua
599 2049 789 2129 temporalia
801 2048 920 2110 dantur
929 2050 1033 2110 Deum
1085 2046 1207 2124 aliquid
1220 2047 1362 2110 7777777
1376 2048 1519 2126 recipere
1531 2064 1591 2125 pro
1606 2048 1755 2129 ingressu
1768 2061 1883 2110 mona«

239 2127 445 2192 laudantibus
459 2130 493 2191 iii
508 2129 724 2192 celebratione
736 2127 943 2191 ecclesiastici
956 2127 1034 2190 oili-
1086 2127 1186 2202 sterii,
1199 2129 1237 2189 ut
1248 2125 1386 2192 babetur
1396 2129 1412 2189 1
1424 2129 1537 2206 quest.
1550 2125 1582 2202 7,
1595 2143 1664 2206 cap.
1679 2125 1780 2203 chm
1790 2127 1859 2206 pic.

239 2208 281 2270 cii
294 2208 362 2271 sire
374 2225 432 2288 pro
447 2208 540 2282 77777,
552 2209 620 2272 7777
631 2226 690 2288 pro
703 2206 1032 2286 mortuis,nonquasi
1086 2248 1379 2311 nucumsm-
1397 2245 1564 2309 mma-t
1581 2244 1703 2309 licitum
1742 2247 1883 2310 maiam

239 2287 1035 2448 ttuauuttuttuaaaautattaa:
1125 2326 1403 2489 ggpqqqu
1416 2328 1708 2469 gpqqsrp,
1733 2326 1803 2468 a:
1817 2345 1883 2467 7,-

240 2446 360 2508 ciendis
380 2446 414 2508 iii
431 2447 542 2526 aliquo
558 2446 804 2526 funerealiqnse
822 2446 1034 2526 eleemosyna
1125 2451 1232 2567 qumi·
1248 2485 1280 2563 3,
1295 2425 1406 2561 aa&
1422 2450 1529 2567 qubst’·
1544 2451 1632 2566 a),
1711 2425 1808 2484 ’²⁸’
1871 2447 1881 2482 ⁹

239 2525 451 2619 recipiuntur.
464 2527 495 2588 Si
511 2530 620 2590 autem
632 2525 817 2606 huiusmodi
829 2530 923 2605 pacto
936 2526 1035 2589 inter-

240 2611 388 2670 veniente
401 2605 492 2681 liant,
507 2606 674 2669 autetiam
690 2624 763 2669 cuin
778 2605 1035 2668 intentioneem-
1126 2606 1175 2669 Ad
1184 2611 1337 2685 quartum
1348 2605 1597 2700 sicproceditnr.
1612 2608 1641 2668 1.
1652 2605 1883 2686 Videturqndd

239 2685 357 2826 Edonis
381 2686 433 2749 vel
459 2686 672 2759 venditionis,
700 2685 914 2748 simoniacum
936 2689 1033 2748 esset.
1086 2685 1210 2748 licitum
1231 2687 1273 2748 sit
1293 2703 1466 2766 pecuniam
1490 2687 1636 2764 accipere
1657 2704 1717 2766 pro
1740 2686 1883 2766 hisquae

268 2765 328 2826 nde
343 2763 455 2828 illicita
469 2769 555 2828 esset
571 2765 744 2837 ordinatio,
760 2765 788 2825 si
802 2764 835 2825 in
849 2763 962 2844 aliqua
971 2764 1036 2828 Ec·
1087 2770 1164 2827 sunt
1178 2765 1399 2846 spiritualibus
1415 2781 1557 2828 annexa.
1571 2765 1689 2830 Omnia
1703 2767 1789 2828 enim
1803 2771 1884 2828 tem-

240 2841 340 2906 777777
349 2847 545 2906 statueretur
553 2843 639 2923 qudd
650 2861 715 2905 non
726 2842 816 2905 tieret
827 2845 991 2922 processio
1001 2845 1036 2907 in
1086 2846 1213 2925 poralia
1234 2845 1384 2910 videntur
1400 2845 1622 2924 spiritualibus
1642 2861 1787 2920 annona,
1806 2847 1884 2926 quia

240 2921 354 2983 iuuere
365 2923 515 3003 alicujus,
528 2923 591 2984 77777
606 2921 744 2986 77777777
757 2926 878 2985 certam
891 2925 1037 3002 pecuniae
1088 2925 1278 3004 temporalia
1295 2929 1371 2987 sunt
1384 2927 1516 3004 propter
1530 2925 1712 3004 spiritualia
1728 2941 1884 3003 quaeren-

240 3001 465 3078 quantitatem,
475 3003 553 3081 quia
562 3020 621 3081 per
629 3002 693 3064 tale
701 3004 855 3064 statutum
863 3004 1037 3082 praecludc-
1088 3003 1139 3066 da.
1163 3003 1195 3066 Si
1215 3022 1291 3086 ergo
1313 3021 1379 3065 nou
1400 3005 1475 3066 licet
1493 3004 1633 3068 tendere
1654 3021 1694 3068 ea
1715 3021 1788 3082 quoi
1809 3007 1885 3066 sunt

240 3082 331 3140 retur
354 3079 406 3142 777
429 3082 528 3174 gratis
552 3079 693 3144 officium
719 3081 846 3176 pietatis
872 3083 1035 3161 aliquibus
1088 3083 1311 3162 spiritualibus
1332 3100 1483 3160 annexa,
1502 3083 1584 3145 nihil
1606 3084 1782 3163 temporale
1801 3101 1883 3148 rcri-

241 3157 454 3250 impendendi.
468 3159 570 3242 Magis
586 3164 695 3224 autem
707 3160 796 3224 licita
811 3164 895 3224 esset
908 3163 1038 3228 ordina·
1089 3162 1164 3226 dere
1180 3163 1303 3238 licebit;
1318 3163 1404 3242 quod
1421 3165 1509 3257 patet
1523 3181 1594 3228 esse
1607 3163 1735 3226 laisum.

239 3241 297 3311 tio,
311 3254 339 3299 si
354 3240 549 3302 statueretur
559 3237 643 3319 qudd
657 3241 807 3302 omnibus
820 3244 941 3305 certam
954 3243 1037 3307 clee-
1127 3242 1158 3303 a.
1172 3244 1348 3318 Praeterea,
1364 3242 1446 3305 nibil
1461 3242 1587 3305 videtur
1602 3243 1705 3324 magis
1723 3258 1794 3307 esse
1816 3242 1884 3323 spi-

239 3332 409 3399 mosynam
432 3318 582 3382 dantibus
600 3320 674 3382 talis
693 3319 1035 3401 bonorcxhibe'retnr,
1088 3321 1259 3386 ritualibus
1280 3339 1446 3386 annexum
1464 3318 1562 3402 quam
1582 3337 1663 3386 vasa
1683 3326 1882 3386 consecrata.

239 3397 320 3490 quia
345 3416 404 3476 per
427 3398 489 3462 boc
516 3416 581 3461 uon
606 3400 857 3479 praecluderctui·
882 3401 936 3465 777
963 3403 1036 3466 aliis
1088 3399 1150 3464 Sed
1168 3401 1300 3466 calicem
1320 3402 1395 3464 licet
1418 3401 1557 3465 vendere
1602 3419 1639 3463 ro
1664 3401 1884 3481 redemptione

240 3475 425 3540 exhibendi.
435 3478 476 3540 Et
486 3483 641 3557 praeterea
652 3480 757 3558 prima
770 3479 929 3542 ordinatio
940 3481 1038 3545 babet
1089 3481 1303 3561 captivorum,
1317 3485 1354 3544 ut
1367 3481 1557 3544 Ambrosius
1572 3420 1658 3557 dicit,
1672 3481 1729 3544 lib.
1744 3481 1765 3542 7
1777 3481 1817 3542 77
1831 3479 1885 3541 Ol·

240 3555 381 3634 spcciem
408 3559 586 3622 exactionis
600 3579 609 3634 ;
637 3558 779 3623 secunda
805 3561 914 3623 autem
939 3560 1038 3626 babet
1088 3559 1154 3636 iic,
1167 3577 1238 3642 cap.
1252 3561 1303 3622 28.
1316 3561 1401 3641 Ergo
1414 3560 1539 3623 licitum
1549 3564 1599 3624 est
1610 3559 1748 3626 vendere
1761 3577 1801 3624 ea
1812 3575 1885 3640 quaa

240 3635 381 3714 speciem
398 3638 543 3718 gratuitae
559 3638 880 3718 recompensationis.
1089 3645 1165 3703 sunt
1182 3641 1404 3720 spiritualibus
1422 3657 1563 3705 annexa.
1882 3647 1886 3654 '

280 3713 329 3777 Ad
355 3717 484 3780 tertium
502 3717 671 3780 dicendum
692 3716 779 3797 qudd
802 3718 857 3780 illc
876 3718 927 3781 cui
947 3737 1039 3782 com-
1128 3720 1158 3781 3.
1172 3721 1342 3795 Praeterea,
1357 3719 1579 3799 spiritualibus
1592 3718 1884 3784 annexadicuntur

239 3793 379 3856 mittitur
395 3795 571 3875 spiritualis
589 3800 748 3875 potestas,
767 3815 809 3859 ex
827 3797 932 3860 oiticio
947 3800 1038 3861 obli·
1086 3798 1140 3880 jus
1156 3800 1342 3879 sepulturas,
1355 3799 1409 3879 jus
1426 3797 1630 3878 patronatus,
1646 3802 1678 3862 et
1688 3799 1741 3880 jus
1756 3799 1885 3877 primo-

238 3878 337 3968 gatur
354 3873 401 3966 ad.
415 3892 511 3936 usum
529 3876 696 3954 potestatis
719 3876 780 3940 sibi
802 3877 981 3941 commissae
1001 3879 1037 3941 in
1089 3879 1246 3958 genitura
1262 3877 1439 3941 sccundiim
1453 3877 1711 4018 antiquossswuia
1725 3879 1885 3958 primoge-

240 3953 459 4028 spiritualium
477 3954 719 4032 dipensatiooe;
738 3959 770 4018 77
787 3956 884 4018 etiam
901 3973 959 4036 pro
977 3958 1037 4023 sud
1089 3959 1147 4020 niti
1168 3962 1243 4022 ante
1262 3959 1365 4039 legem
1385 3958 1559 4023 sacerdotis
1579 3975 1599 4018 o
1635 3959 1684 4019 cio
1702 3957 1885 4038 iungeban-

240 4033 476 4094 sustentatione
496 4035 615 4096 statuta
631 4034 789 4112 stipendia
806 4034 904 4098 babet
920 4053 962 4098 ex
978 4055 1038 4100 re·
1088 4037 1177 4118 tur),
1202 4043 1233 4100 et
1253 4039 1350 4102 etiam
1370 4038 1424 4118 jus
1451 4037 1627 4116 accipiendi
1650 4037 1802 4100 decimas.
1824 4034 1884 4098 Sed

241 4109 360 4173 ditibus
377 4110 528 4173 Ecclesia
543 4131 550 4170 :
565 4116 596 4174 et
610 4111 681 4174 ided
696 4112 722 4174 si
742 4113 864 4193 aliquid
879 4115 1037 4195 acciperet
1089 4116 1254 4180 Abrabam
1270 4118 1347 4179 emit
1360 4119 1402 4180 ab
1417 4117 1551 4197 Ephron
1572 4117 1759 4196 speluncam
1773 4115 1883 4195 dupli-

240 4189 1038 4350 aaaaaatatabaaatlaaltaalta·
1089 4195 1881 4339 ttaaaattlaaadimittat-iaiattt‘l’

640 4316 648 4344 7
1023 4309 1037 4324 “
1869 4306 1882 4319 “

242 4347 287 4424 pti
302 4346 399 4411 officii
413 4348 506 4412 debet
522 4349 716 4429 impendere,
732 4351 788 4413 sed
803 4352 1038 4433 intelligeretur
1088 4356 1182 4418 betur
1197 4356 1312 4418 Geoes.
1323 4355 1375 4416 nt.
1387 4296 1447 4418 Jusl
1458 4295 1555 4418 erilem
1566 4293 1903 4434 pagtronatiis'transit‘

242 4426 380 4491 vendere
405 4429 511 4507 ipsum
534 4429 710 4508 spiritualis
736 4432 847 4510 gratia
866 4449 979 4510 usuni,
1005 4439 1037 4497 et
1089 4452 1213 4514 sumre
1226 4434 1356 4498 vendita
1369 4440 1401 4498 et
1415 4436 1449 4496 in
1463 4434 1593 4496 seudum
1608 4433 1794 4496 conceditur
1806 4454 1814 4494 :
1826 4433 1884 4494 de-

241 4510 373 4584 propter
384 4507 446 4570 boc
455 4524 523 4569 non
536 4508 610 4571 licct
623 4526 683 4588 pro
695 4507 900 4591 qudcumque
909 4512 1037 4592 dispeu-
1089 4514 1178 4577 cimae
1191 4515 1287 4577 etiam
1300 4532 1461 4578 concessae
1472 4518 1548 4576 suiit
1562 4512 1756 4592 quibusdam
1767 4513 1883 4574 militi·

241 4585 366 4648 satione
385 4587 508 4666 aliquid
526 4589 688 4667 accipere;
710 4607 770 4652 nec
789 4590 885 4652 ctiam
902 4609 961 4670 pro
975 4593 1037 4657 boc
1089 4595 1168 4669 biis,
1183 4598 1215 4655 et
1229 4593 1341 4656 redimi
1359 4598 1516 4675 possunt:
1533 4591 1655 4672 prelati
1673 4594 1769 4654 etiam
1785 4592 1883 4654 inter·

241 4664 326 4741 quod
348 4665 433 4730 vices
456 4679 532 4729 suas
552 4667 769 4745 committant3
790 4687 849 4732 neo
863 4673 959 4734 etiam
976 4689 1036 4750 pro
1088 4669 1377 4736 diimretinentsibi
1388 4673 1428 4737 ad
1438 4677 1563 4753 tempus
1574 4670 1884 4751 tructuspratbcnda·

241 4741 303 4834 hoo
317 4742 404 4822 qndd
418 4745 561 4809 subditos
578 4764 654 4809 suos
670 4749 845 4828 corrigant,
860 4751 911 4812 777
924 4749 944 4814 tl
957 4767 1037 4812 cor·
1088 4769 1178 4826 runi,
1195 4770 1276 4832 quus
1291 4751 1476 4826 conterunt,
1491 4749 1565 4814 ciiiii
1581 4752 1688 4814 tamen
1706 4749 1883 4829 prebende

241 4823 375 4902 rigando
394 4823 560 4888 desistant.
583 4826 672 4888 Licet
691 4830 800 4890 tamen
823 4829 870 4890 eis
890 4829 1037 4908 accipere
1089 4831 1153 4892 sint
1172 4832 1394 4912 spiritualibus
1416 4848 1563 4894 annexae.
1582 4831 1668 4911 Ergo
1686 4829 1761 4893 iicet
1776 4847 1883 4893 emere

241 4903 497 4995 procurationes,
512 4905 642 4984 quando
656 4907 800 4970 subditos
816 4909 956 4984 visitant,
970 4928 1036 4973 non
1089 4916 1120 4972 et
1131 4911 1268 4974 vendero
1281 4929 1320 4976 ea
1331 4929 1404 4990 quas
1418 4913 1494 4974 sunt
1506 4909 1727 4988 spiritualibus
1741 4925 1881 4974 annexa.

241 4997 336 5058 quasi
356 4983 496 5061 pretium
514 4986 739 5060 correctionis,
757 4986 811 5050 sed
829 4989 924 5066 quasi
945 4989 1037 5052 debi-
1127 4989 1187 5052 Sed
1210 4994 1322 5053 coutra
1343 4994 1393 5053 est
1435 4989 1501 5053 uod
1522 4989 1600 5051 dicit
1617 4989 1779 5052 Paschalis
1798 5006 1840 5069 pa
1864 5005 1883 5052 a

241 5063 309 5154 tuni
325 5063 530 5142 stipendium.
545 5064 610 5159 lile·
620 5070 728 5128 autem
743 5067 799 5146 qui
815 5067 910 5161 habeut
925 5067 1037 5132 scien·
1107 5072 1138 5131 77
1152 5068 1289 5132 habetur
1301 5071 1331 5144 1,
1350 5009 1452 5149 quffi,
1469 5085 1540 5149 cap.
1556 5067 1595 5131 Si
1610 5068 1679 5162 quis
1695 5007 1881 5151 objeceritffz

242 5140 336 5214 tiam,
350 5149 382 5206 et
401 5162 466 5208 non
486 5149 627 5224 suscepit
646 5163 719 5207 cuin
740 5145 802 5209 lioc
819 5146 977 5224 officium,
994 5168 1036 5212 ex
1118 5148 1237 5229 uisqcis
1251 5149 1362 5211 borum
1376 5148 1507 5212 77777777
1524 5145 1646 5218 vendat,
1660 5148 1727 5210 sins
1744 5167 1805 5230 quo
1826 5167 1883 5210 uec

240 5235 307 5314 quo
320 5219 479 5304 obligetur
491 5224 564 5286 aliis
576 5242 672 5287 usum
683 5225 825 5288 scientiae
839 5227 1033 5307 impendere,
1088 5227 1220 5290 alteram
1235 5229 1398 5308 provenit,
1421 5236 1567 5291 aratrum
1584 5227 1780 5290 invenditum
1798 5225 1882 5289 dere-

240 5295 327 5362 777777
346 5306 452 5381 potest
471 5305 610 5382 pretium
629 5320 696 5367 sna
714 5304 867 5368 doctrinae
881 5309 933 5370 777
951 5326 1037 5371 con-
1089 5305 1215 5388 linquit.
1232 5307 1349 5372 Nullus
1364 5327 1435 5388 erqo
1453 5315 1530 5370 emat
1545 5307 1730 5379 Ecclssacm,
1743 5307 1791 5372 cel
1800 5325 1884 5388 pra·

241 5377 305 5473 tilii
319 5380 475 5460 accipere,
490 5401 555 5446 uon
566 5383 664 5524 guasi
678 5385 846 5447 veritatem
861 5389 916 5448 aut
932 5387 1035 5450 scien·
1089 5385 1229 5458 bendum,
1245 5388 1294 5450 oet
1306 5376 1428 5484 aliquid
1440 5387 1691 5450 ecclesiasticam.

241 5461 319 5521 tiam
346 5461 504 5538 venderis,
532 5481 565 5525 77
633 5463 704 5525 nasi
734 5481 849 5542 operas
878 5483 953 5528 suas
984 5467 1036 5528 lo-
1126 5468 1316 5548 Rcspondeo
1334 5468 1503 5531 dicendum
1525 5465 1613 5546 quod
1632 5467 1755 5548 aliquid
1777 5468 1882 5546 potest

241 5555 330 5631 cans.
349 5540 381 5601 Si
398 5547 506 5606 autern
528 5561 570 5604 eii
591 5560 611 5604 o
647 5541 697 5605 cio
714 5542 754 5606 ad
775 5543 837 5606 boc
855 5547 1033 5622 teneretur,
1088 5565 1159 5617 csse
1179 5566 1344 5610 annexum
1364 5547 1584 5627 spiritualibus
1600 5545 1771 5625 dupliciter
1788 5568 1796 5608 ε
1814 5563 1882 5609 uno

240 5619 474 5700 intelligeretur
487 5622 591 5701 ipsam
605 5622 743 5685 77777777
757 5625 934 5694 veritatem,
949 5625 1035 5688 unde
1088 5627 1182 5690 modo
1195 5628 1278 5691 sicut
1293 5643 1333 5689 cx
1348 5627 1568 5707 spiritualibus
1582 5625 1783 5705 dependens;
1799 5629 1883 5689 sicut

241 5699 383 5791 grauiter
410 5706 558 5794 peccaret
567 5723 575 5775 ;
603 5703 797 5843 sicutEpatot
824 5704 857 5764 in
887 5703 950 5764 illis
978 5705 1034 5783 qui
1088 5705 1208 5769 habere
1229 5707 1384 5770 beneficia
1403 5705 1619 5784 ecclesiastica
1641 5705 1758 5768 dicitur
1778 5706 1882 5785 spiri-

241 5780 455 5844 instituuntur
468 5797 501 5840 iii
517 5781 680 5860 aliquibus
721 5781 843 5846 eclesiis
857 5783 896 5846 ad
911 5783 1036 5847 docen-
1088 5787 1229 5849 tualibus
1253 5803 1436 5859 annexum,
1460 5788 1538 5864 quia
1560 5801 1627 5846 non
1648 5787 1798 5865 competit
1817 5785 1881 5848 nisi

241 5852 462 5924 dumcleiicos
478 5859 638 5942 Ecclesia,
652 5865 684 5930 et
696 5861 777 5929 alios
790 5881 961 5948 pauperes,
974 5883 1034 5946 pro
1088 5863 1218 5933 babenti
1238 5866 1378 5932 odicium
1398 5865 1565 5948 clericalc;
1587 5865 1673 5929 unde
1695 5865 1882 5952 hujusmodl
