4138 6340
253 418 305 500 501

292 533 327 602 b,
344 535 525 610 Praeteieu,
550 515 689 600 ¹Samson
708 535 851 614 seipsum
873 533 1042 609 interfecit,

251 621 290 688 si
301 617 437 688 babetur
449 617 596 688 iudicum
612 615 660 690 16,
674 616 730 694 qui
747 621 855 685 tarnen
866 632 1046 700 connume-

252 699 345 763 ratur
357 696 440 760 inter
453 701 602 770 sanctos,
617 701 653 769 ut
669 695 874 790 patetiiebr.
889 695 938 756 11.
960 695 1045 776 Ergo

252 775 377 843 licitum
392 780 441 840 est
454 776 551 840 alicui
565 775 709 841 occidere
722 791 757 838 se
773 793 877 852 psum.
937 854 943 870 .
968 855 974 868 ι

292 854 338 928 1.,
353 856 528 928 Praeterea,
547 855 568 930 2
589 855 738 921 hlachab.
775 853 812 928 t,
833 853 891 925 liii,
914 854 1043 949 dicitur»,

253 933 338 1016 qudd
355 936 469 1008 Baiias
483 935 615 1014 quidam
635 935 778 1014 seipsum
796 931 971 1027 interiecit,
987 935 1046 1030 ele·

253 1031 328 1094 qens
342 1013 489 1086 nobiliter
500 1014 582 1086 mori
593 1013 702 1096 portio
717 1014 808 1096 quani
821 1011 1045 1107 sribdttas'ficri

252 1093 488 1188 peccatoribus:
508 1101 536 1156 et
549 1101 661 1188 caetra
674 1095 793 1167 aetates
812 1111 885 1188 eoos
902 1092 1044 1173 indrqair

252 1170 1045 1334 111111,111111111111111111111111

251 1333 551 1404 nonestillicilnm.
647 1393 648 1400 ,
797 1412 803 1426 .
912 1411 948 1426 ..
979 1413 985 1426 ι

291 1411 350 1481 Sed
367 1416 480 1483 contra
496 1417 544 1477 esi
562 1411 649 1491 qudd
669 1411 869 1493 Augustinus
888 1411 964 1474 dicit
978 1431 1010 1477 in
1027 1413 1042 1476 1

252 1489 291 1553 de
306 1491 374 1555 (liv.
392 1492 462 1567 Dei,
484 1509 554 1572 cap.
576 1492 615 1552 20
641 1491 675 1554 iii
693 1489 747 1553 lin.
766 1511 774 1550 ε
795 1513 809 1550 a
832 1493 942 1554 Restat
955 1496 992 1556 ut
1006 1493 1044 1556 de

252 1571 407 1646 abomine
422 1571 637 1654 intelligamus
652 1570 731 1634 iliud
741 1571 828 1650 quod
842 1570 961 1633 dictum
977 1577 1042 1633 est:

251 1671 267 1710 a
280 1651 312 1714 N
314 1670 354 1713 on
367 1651 505 1715 occides:
516 1675 530 1708 »
544 1668 610 1737 iiqn
621 1651 770 1722 alterum,
779 1667 856 1731 ergo
870 1667 929 1714 nee
942 1653 1046 1716 11.Νο-

251 1747 341 1828 aque
355 1731 441 1794 enim
455 1731 543 1826 aliud
556 1727 655 1810 qudm
670 1730 833 1794 bominem
848 1731 973 1806 occidit,
987 1732 1043 1810 qui

251 1811 680 1984 «sfizpzffiffldggeapsssdpm,
694 1889 780 1969 qudd
795 1888 940 1984 'seipsum
953 1890 1044 1984 occi-

249 1965 325 2042 dere
346 1974 394 2032 est
417 1969 549 2032 omnino
573 1969 741 2043 illicitum,
762 1970 880 2046 triplici
904 1976 1041 2034 ratione.

248 2047 355 2115 Primo
390 2049 522 2130 quidem
554 2049 633 2128 quia
667 2048 859 2125 naturaliter
891 2051 1044 2126 quelibet

249 2143 302 2191 res
320 2129 459 2208 seipsam
485 2131 592 2202 amat3
606 2134 638 2192 et
659 2127 700 2194 ad
722 2128 783 2193 boc
800 2129 940 2221 pertinet
957 2128 1044 2208 qudd

248 2207 400 2285 quelibet
413 2226 464 2274 res
478 2208 671 2274 naturaliter
684 2211 855 2274 conservat
867 2226 901 2270 se
912 2226 945 2270 in
961 2227 1041 2279 csse,

249 2273 286 2362 et
304 2289 584 2370 corrumpentibus
603 2287 727 2352 resistit
748 2283 907 2366 quaiitilm
925 2292 1041 2366 potest.

249 2361 288 2444 Et
298 2365 367 2430 ided
379 2364 465 2445 qudd
474 2367 592 2447 aliquis
603 2366 746 2446 seipsum
758 2365 892 2440 occidat,
906 2372 955 2429 est
967 2385 1044 2430 con·

249 2447 300 2520 tra
315 2446 555 2515 inclinationem
570 2445 769 2520 naturalem,
786 2449 818 2506 et
832 2451 945 2508 contra
959 2447 1044 2512 cha·-

125 2521 129 2528 '
248 2517 387 2600 ritatem,
403 2525 469 2605 qua
481 2527 619 2619 quilibet
630 2525 723 2596 debet
736 2525 879 2604 seipsum
893 2525 1040 2606 diligere.

206 2651 208 2658 ‚
248 2599 287 2684 lit
307 2601 378 2678 ided
393 2593 444 2686 sui
467 2607 568 2685 ipsius
582 2605 701 2669 occisio
716 2623 843 2683 semper
858 2608 907 2696 est
923 2622 1044 2746 pecca-

248 2685 316 2749 tum
333 2683 598 2778 mortale,utpote
608 2688 720 2778 contra
731 2685 913 2749 naturalem
936 2702 1040 2764 egeni,

248 2764 280 2822 et
296 2767 407 2825 contra
417 2765 606 2846 charitatem
619 2768 773 2827 existens.

287 2841 446 2918 Secunde,
469 2844 547 2921 quia
571 2843 809 2922 quettneipars
830 2841 862 2904 id
876 2841 963 2922 quod
977 2842 1040 2918 est,

248 2919 297 2984 cst
321 2922 431 2985 totius.
447 2922 588 2996 Quilibet
615 2927 723 2993 autem
755 2921 852 2988 borno
876 2924 1044 3015 estucopr-

248 2999 413 3076 mussitatis
425 3021 432 3061 ε
443 3005 474 3064 et
488 3001 532 3066 ita
545 2999 632 3080 quod
647 3003 707 3074 est,
724 3005 773 3076 est
785 3006 1040 3094 communitatis3

249 3078 335 3142 unde
359 3079 392 3141 in
412 3079 474 3142 boc
497 3079 583 3172 qudd
605 3081 748 3160 seipsum
772 3079 937 3154 interlicit,
954 3081 1044 3174 inpii-

247 3157 330 3220 riam
351 3160 572 3227 communitati
587 3159 682 3234 iacit,
697 3164 734 3225 ut
756 3163 844 3238 patet
862 3176 921 3252 per
937 3157 1043 3223 Philo-

249 3237 385 3314 sophum
400 3239 433 3299 in
453 3237 472 3299 5
487 3238 603 3313 Ethic.,
625 3257 695 3319 cap.
711 3237 770 3300 ult.
786 3236 924 3380 aprino.
981 3317 988 3334 ι
1014 3319 1021 3335 Ι

288 3317 396 3379 Tertld
408 3319 486 3398 quia¹
498 3319 563 3384 vita
576 3323 625 3396 est
643 3318 805 3398 quoddam
839 3336 939 3382 ouurn
958 3315 1044 3414 d¹l¹7

248 3391 335 3459 uitiis
357 3395 479 3467 homini
504 3399 716 3476 attributum,
744 3403 775 3460 et
796 3398 865 3479 ejus
914 3403 1041 3480 otestati

246 3472 318 3541 sub'
340 3480 446 3551 ctum,
468 3477 524 3556 qui
546 3477 682 3553 occidit,
701 3479 733 3540 et
758 3477 865 3541 rivere
888 3418 973 3540 iacit.
1000 3474 1054 3540 Et.

246 3546 297 3634 id,
331 3557 388 3635 qui
403 3557 545 3636 seipsum
565 3547 631 3628 riti
649 3557 775 3636 privat,
798 3555 830 3618 in
845 3557 946 3650 Deum
957 3576 1041 3698 sspec-

247 3639 316 3709 cat;
343 3635 427 3698 sicut
454 3637 510 3715 qni
541 3637 683 3698 alienum
716 3653 847 3697 servum
871 3639 955 3698 inter
980 3642 1039 3712 cit,

246 3718 357 3791 peccat
380 3716 413 3775 in
441 3715 626 3788 dominum,
658 3714 749 3794 cujus
776 3719 826 3776 est
854 3733 982 3790 servns3
1009 3719 1041 3779 et

247 3791 329 3854 eleut
341 3795 452 3872 peccat
468 3791 522 3855 ille
532 3795 588 3872 qui
603 3796 740 3932 usurpat
753 3793 814 3883 sibi
830 3793 987 3874 judicium
1002 3795 1041 3858 de

247 3871 355 3934 ieslbi
371 3886 437 3934 non
454 3869 637 3936 commissa.
653 3873 679 3933 h
716 3865 822 3934 solnm
837 3873 923 3934 enlm
936 3875 1040 3937 Deum

247 3951 1041 4111 11111111111111111111111111

423 4075 430 4090 .
487 4075 495 4105 ,
559 4074 567 4090 .
808 4077 816 4100 ,

247 4109 372 4189 [aciem.

249 4220 251 4228 ’
287 4207 336 4270 dd
358 4209 500 4289 primum
517 4225 595 4290 ergo
610 4207 780 4272 dicendum
796 4207 884 4302 qudd
903 4208 1042 4272 homici-

251 4287 339 4350 dium
353 4293 402 4352 est
417 4291 606 4368 peccatum,
622 4304 689 4352 non
699 4286 805 4352 soliim
818 4307 896 4368 quia
907 4293 1041 4382 contra-

246 4366 352 4432 riatur
366 4367 515 4448 justitie,
534 4367 590 4432 sed
609 4368 707 4431 etiam
728 4369 806 4447 quia
823 4373 1041 4434 contrariatur

248 4445 397 4512 charitati
423 4465 521 4526 qnam
542 4447 663 4511 babere
681 4446 773 4512 debet
797 4446 840 4510 ali
865 4449 915 4509 nis
930 4447 970 4510 ad
991 4465 1041 4512 se·

247 4525 371 4605 ipsum3
388 4532 420 4590 et
431 4541 472 4590 ex
487 4525 548 4590 nee
561 4529 653 4606 parte
669 4527 787 4593 occisio
806 4465 862 4590 sui
876 4527 977 4620 ipsius
992 4533 1042 4592 est

250 4608 416 4684 peccatum
445 4625 502 4685 per
523 4607 798 4685 comparationem
825 4606 864 4670 ad
885 4625 1038 4699 seipsum.

246 4685 307 4746 Per
321 4687 593 4764 comparationem
608 4690 717 4750 autem
727 4687 767 4750 ad
778 4692 1040 4779 communitatem

247 4767 278 4828 et
293 4763 333 4828 ad
349 4765 467 4840 Deum,
486 4765 584 4828 habet
606 4766 766 4828 rationem
785 4771 928 4845 peccati,
943 4771 1040 4830 etiam

247 4861 305 4924 per
319 4844 554 4924 oppositionem
566 4843 785 4926 adjustitiam.

288 4944 335 5008 hd
351 4945 528 5008 secundnm
542 4945 710 5010 dicendum
727 4945 813 5026 qudd
835 4945 889 5008 ille
910 4945 967 5024 qui
982 4946 1041 5009 ha·

247 5026 302 5089 bet
313 5025 676 5108 publicampote'statem
688 5071 695 5098 ,
709 5028 816 5105 potest
833 5024 918 5087 licite
935 5025 1040 5087 male-

247 5105 401 5168 iactorem
417 5106 584 5178 occidere,
606 5123 666 5184 per
685 5106 746 5167 hoe
766 5103 853 5184 qobd
868 5107 982 5196 ,potest
1000 5105 1038 5168 de

247 5185 319 5264 ipso
341 5185 498 5266 judicare.
524 5186 640 5246 itullos
662 5189 770 5246 autem
794 5188 844 5248 est
863 5184 963 5263 podex
986 5184 1038 5246 sut

247 5263 361 5344 ipsius.
378 5265 465 5327 Unde
485 5281 554 5326 iioii
571 5264 647 5326 licet
659 5264 789 5325 habenti
805 5263 967 5342 publicam
978 5279 1040 5341 po·-

246 5347 393 5406 testatem
407 5345 549 5424 seipsum
564 5343 708 5406 occidere
718 5347 850 5421 propter
862 5343 1039 5436 quodcum-

247 5441 311 5503 que
322 5427 509 5502 peccatnm3
526 5423 602 5484 licet
620 5425 728 5484 tamen
743 5422 772 5484 el
790 5437 824 5484 se
839 5425 1038 5486 committere

243 5501 366 5582 judicio
379 5502 528 5565 aliorum.

287 5602 334 5665 hd
357 5603 487 5666 tertium
512 5597 682 5666 dicendam
698 5599 785 5682 qudd
801 5601 897 5675 homo
919 5601 1038 5698 consti·

246 5684 349 5746 initur
368 5682 516 5746 dominns
535 5681 699 5762 suiipsius
717 5699 775 5760 per
790 5681 929 5742 liberum
944 5681 1034 5774 aphi-

246 5762 365 5826 trium:
382 5767 414 5824 et
432 5761 503 5824 ideb
527 5761 614 5824 licito
658 5765 740 5824 otest
758 5761 855 5822 homo
876 5759 915 5822 de
930 5777 1036 5840 seipso

247 5842 417 5921 disponere
438 5839 597 5921 quantdui
611 5781 656 5904 adJ

592 471 594 478 ,
693 397 826 480 suinih
845 418 1074 477 innonocicn
1092 419 1247 482 sncnnni
1267 425 1447 490 secunus.

1700 445 1887 511 -500

1101 539 1892 630 giturSedtransitus(lidebteritdadaliamie-

1101 619 1244 683 lieiorem
1264 641 1329 685 noir
1353 629 1498 708 subjacet
1516 633 1619 697 libero
1638 640 1774 702 arbitrio
1789 643 1892 707 homi-

1101 701 1151 762 nis
1163 744 1171 774 ,
1185 703 1241 764 sed
1267 709 1415 782 potestati
1438 709 1571 787 divinam
1589 720 1621 777 et
1639 715 1710 780 lded
1729 737 1794 783 non
1817 723 1893 789 licet

1099 779 1223 844 bomini
1237 785 1378 862 seipsum
1394 787 1591 868 interlicere,
1606 797 1642 858 ut
1656 798 1694 860 ad
1716 799 1892 868 ieliciorein

1098 863 1242 925 transeat
1252 862 1368 940 iilam;
1384 867 1639 937 similiteretlani
1653 891 1713 940 nee
1724 884 1892 959 aequasti-

1099 941 1152 1002 bet
1164 942 1310 1007 miserias
1323 949 1489 1024 praesentis
1503 949 1575 1014 ritae
1588 951 1712 1040 evadat,
1725 962 1803 1037 quia
1815 964 1892 1026 ulti·-

1099 1037 1187 1083 mum
1202 1024 1361 1086 malorum
1380 1027 1576 1108 bajus-rite,
1592 1040 1623 1104 et
1637 1039 1777 1100 i'iiaxhnd
1792 1043 1891 1104 terri-

1098 1101 1162 1166 bile
1176 1106 1224 1166 est
1237 1114 1342 1180 mors,
1363 1111 1399 1170 ut
1416 1112 1504 1187 patet
1516 1125 1575 1190 per
1586 1109 1836 1196 Philosophum,
1855 1123 1890 1186 ln

1098 1179 1117 1240 a
1135 1181 1251 1258 Ethic.,
1266 1198 1336 1264 cap.
1351 1185 1382 1262 6,
1398 1187 1418 1272 d
1435 1189 1517 1252 nied.
1540 1193 1580 1254 Et
1597 1194 1668 1257 lded
1686 1197 1804 1262 interra
1828 1202 1889 1264 sibi

1098 1266 1234 1326 mortem
1248 1262 1288 1326 ad
1302 1265 1383 1331 alias
1397 1268 1493 1350 hujus
1506 1269 1578 1334 sitm¹
1588 1275 1735 1340 miserias
1751 1281 1890 1343 eraden-

1097 1339 1171 1415 das,
1189 1348 1237 1406 est
1253 1342 1357 1424 majus
1373 1349 1494 1411 maltim
1514 1361 1679 1416 assumere
1698 1355 1738 1418 ad
1753 1359 1888 1424 minoris

1098 1421 1173 1482 mali
1200 1423 1400 1487 vitationem.
1426 1427 1577 1494 Similiter
1601 1434 1697 1497 etiam
1719 1449 1784 1499 non
1813 1439 1889 1503 lieet

1097 1500 1240 1579 seipsum
1262 1503 1442 1569 interficere
1466 1514 1599 1590 propter
1617 1514 1750 1594 aliquod
1774 1535 1889 1600 pecca·

1097 1583 1165 1640 tum
1178 1583 1402 1660 commissum
1418 1589 1574 1668 tumqnia
1585 1591 1621 1654 tn
1634 1593 1696 1656 hoc
1707 1597 1768 1676 sibl
1783 1599 1889 1662 maxi-

1096 1657 1147 1721 mt
1160 1667 1255 1724 nocet
1273 1664 1359 1742 qudd
1378 1665 1439 1728 sibi
1454 1667 1565 1732 adirillt
1582 1671 1800 1738 necessarium
1817 1689 1889 1758 pm-

1097 1739 1241 1803 nitentia
1254 1744 1380 1822 tempus
1394 1764 1402 1806 r
1416 1750 1484 1808 sum
1499 1749 1595 1814 etiarn
1609 1754 1687 1832 qnia
1698 1755 1889 1822 malefacto-

1096 1835 1165 1880 rem
1192 1821 1337 1885 nccidere
1365 1825 1432 1895 iren
1459 1825 1533 1890 licat
1557 1831 1620 1894 iiisi
1649 1829 1888 1915 perjudicium

1096 1899 1232 1977 publica.
1249 1903 1427 1980 potestatis.
1444 1905 1595 1972 Simiht‘er
1617 1913 1793 1978 adamnan
1815 1917 1889 1982 lieet

1096 1979 1223 2040 mulieri
1239 1981 1378 2061 seipsam
1390 1986 1545 2062 occidere,
1562 2005 1603 2052 ne
1617 1993 1658 2053 ab
1668 1991 1733 2055 allo
1744 2007 1889 2058 corrum-

1096 2063 1203 2135 patur,
1218 2061 1295 2139 quia
1310 2079 1375 2124 non
1388 2063 1480 2144 debet
1501 2067 1535 2128 in
1551 2087 1585 2131 se
1600 2074 1798 2136 committere
1819 2077 1888 2138 cri-

1096 2145 1170 2198 men
1188 2141 1381 2216 martinum,
1398 2145 1485 2224 qudd
1498 2137 1547 2208 est
1566 2148 1616 2210 sut
1639 2149 1740 2240 ipsius
1755 2151 1888 2232 q'eeisio,

1096 2219 1132 2276 ul
1155 2209 1232 2279 vilet
1254 2220 1361 2282 minus
1380 2218 1503 2286 erlineii
1524 2227 1685 2306 alienum
1714 2241 1779 2314 uon
1801 2237 1890 2308 euim

1096 2300 1145 2356 est
1166 2297 1289 2359 crimen
1307 2302 1452 2366 mulieris
1468 2299 1525 2384 per
1539 2308 1725 2374 violentiam
1738 2309 1886 2390 uiolatae,

1096 2375 1124 2436 si
1139 2393 1315 2442 consensus
1331 2399 1397 2442 noii
1414 2384 1509 2459 adsit,
1523 2388 1601 2465 quia
1616 2399 1681 2452 non
1695 2381 1889 2471 inquinatur

1095 2472 1151 2518 cor
1174 2473 1213 2520 us
1235 2457 1298 2520 nisi
1322 2460 1360 2522 de
1381 2479 1543 2546 consensu
1566 2471 1704 2550 mentis,
1728 2475 1765 2536 ut
1787 2473 1889 2538 Lucia

1095 2473 1186 2616 diri.
1214 2529 1347 2602 Constat
1366 2543 1473 2612 autern
1497 2541 1605 2614 initiis
1630 2567 1702 2632 esse
1743 2557 1889 2616 occatum

1095 2611 1340 2702 fornicationem
1366 2621 1416 2684 vel
1437 2621 1649 2707 adulterium,
1667 2570 1766 2708 quim
1782 2625 1890 2694 horni-

1095 2691 1225 2772 oidiuin,
1236 2701 1268 2758 et
1282 2697 1440 2780 precipue
1454 2700 1504 2766 sul
1521 2701 1634 2786 ipsium
1651 2707 1736 2790 quod
1749 2716 1890 2792 estgra-

1095 2772 1273 2847 vissimum,
1290 2779 1368 2857 quia
1383 2775 1444 2845 sibi
1459 2777 1520 2864 ipsi
1533 2788 1638 2861 nocet,
1648 2789 1699 2856 cui
1712 2791 1889 2854 maximam

1095 2849 1298 2918 dilectionem
1321 2857 1414 2924 debet
1432 2881 1439 2921 ε
1458 2865 1505 2924 est
1529 2863 1626 2927 etiam
1652 2865 1889 2946 periculosissi-

1095 2951 1201 3008 mum,
1220 2936 1298 3014 qnia
1315 2953 1380 3000 non
1406 2944 1506 3011 restat
1522 2945 1646 3024 tempus
1660 2951 1696 3008 ut
1710 2967 1768 3028 per
1784 2951 1891 3042 poeniss

1095 3013 1228 3075 tentiam
1242 3015 1403 3096 expietur.
1425 3017 1578 3086 Similiter
1598 3021 1695 3091 etiarn
1716 3027 1797 3090 nulli
1814 3029 1890 3093 licet

1095 3091 1236 3175 seipsum
1257 3095 1405 3160 occidere
1422 3101 1464 3161 ob
1478 3101 1626 3167 timorem
1648 3124 1690 3168 ne
1708 3110 1890 3177 consentiat

1095 3168 1128 3232 iii
1151 3178 1338 3250 peccalum,
1353 3177 1432 3256 quia
1455 3198 1522 3242 iion
1544 3185 1620 3246 suut
1636 3183 1782 3264 iacienda
1801 3189 1890 3253 mala

1094 3255 1132 3332 ut
1156 3249 1287 3317 veniant
1307 3251 1392 3321 bena
1409 3259 1460 3322 iel
1476 3263 1511 3320 nt
1527 3259 1669 3328 vitentur
1684 3268 1781 3340 mala,
1798 3279 1889 3346 pre-

1095 3331 1206 3394 sertim
1237 3333 1365 3398 minere
1395 3341 1427 3398 et
1456 3333 1563 3404 miniis
1592 3347 1699 3418 certa3
1727 3345 1888 3410 incertum

1096 3411 1182 3475 enim
1196 3416 1245 3474 est
1259 3429 1301 3474 an
1314 3415 1432 3494 aliquis
1448 3417 1481 3480 in
1497 3417 1642 3484 saturum
1656 3426 1837 3488 consentiat
1852 3427 1887 3489 in

1094 3493 1281 3570 peccatum3
1326 3497 1417 3556 olens
1437 3501 1486 3559 est
1505 3501 1591 3562 enim
1614 3499 1700 3564 Deus
1723 3503 1888 3568 hominem

1094 3513 1888 3710 goisuintqneienlationesupervenienteliherare

1148 3667 1222 3712 ecca
1238 3665 1268 3712 o.

1127 3667 1182 3790 Iild
1196 3730 1349 3808 quartum
1362 3729 1532 3810 dicendum
1545 3735 1649 3818 qudd,
1666 3740 1749 3808 sicut
1769 3741 1818 3806 hii
1866 3775 1891 3792 -

1095 3805 1198 3870 stinus
1216 3809 1292 3873 dicit
1304 3811 1336 3872 iii
1353 3811 1368 3874 1
1385 3813 1423 3876 de
1448 3813 1516 3880 Cir.
1528 3809 1598 3890 Dei,
1613 3836 1683 3902 cap.
1694 3819 1745 3893 21,
1760 3763 1888 3906 111111,

1094 3905 1150 3950 nec
1171 3885 1304 3952 Samson
1328 3891 1422 3976 aliter
1445 3905 1626 3972 recusetur,
1652 3899 1737 3981 qudd
1756 3901 1891 3982 seipsam

1095 3985 1166 4030 caim
1192 3963 1333 4034 hostibus
1364 3969 1461 4036 recinit
1491 3973 1600 4040 domita
1629 3981 1796 4060 opressit,
1824 3982 1891 4046 atsi

1094 4045 1179 4126 qnod
1200 4039 1334 4110 latenter
1355 4053 1497 4131 Spiritus
1518 4063 1645 4118 sanctus
1662 3997 1720 4122 ssoc
1735 4055 1888 4142 suaserat,

1094 4127 1150 4208 qui
1169 4145 1229 4206 per
1255 4129 1344 4212 illum
1359 4132 1512 4199 miraculo
1526 4136 1670 4216 [uolebat.
1686 4137 1726 4200 lit
1745 4139 1891 4204 eamdem

1094 4206 1252 4268 rationein
1274 4209 1418 4292 assignat
1436 4211 1474 4276 de
1491 4205 1684 4299 quibusdam
1696 4220 1815 4282 sanctis
1840 4219 1891 4282 ie-

1095 4283 1303 4430 111111111
1328 4291 1889 4448 111111111111111111111

1293 4412 1301 4442 1

1096 4443 1287 4513 celebratur.

1135 4523 1658 4615 Adquintumdicendumquddad
1668 4533 1888 4604 tortitudinem

1095 4603 1233 4678 pertinet
1245 4605 1331 4683 qudd
1343 4606 1461 4687 aliquis
1475 4611 1516 4682 ab
1526 4612 1591 4678 alio
1601 4619 1736 4678 mortem
1745 4615 1812 4696 pati
1821 4637 1887 4681 non

1094 4680 1233 4762 refugiat
1250 4690 1380 4764 propter
1402 4689 1523 4752 bonurn
1542 4692 1683 4770 virtutis,
1706 4699 1738 4758 et
1759 4700 1795 4758 ut
1809 4697 1887 4762 vitet

1094 4766 1282 4841 peccatum,
1301 4765 1354 4828 sed
1368 4767 1455 4847 qudd
1469 4767 1588 4850 aliquis
1610 4773 1672 4836 sibi
1688 4775 1749 4856 ipsi
1769 4774 1887 4845 inierat

1094 4845 1241 4915 mortem,
1257 4847 1294 4906 ut
1305 4846 1383 4912 vitet
1396 4849 1640 4930 malapoenalia,
1652 4850 1886 4935 habetqnidem

1094 4921 1266 5000 quamdam
1280 4925 1417 5004 speciem
1433 4925 1626 5002 tortitudinis
1644 4930 1886 5022 (propterquod

1095 4997 1226 5076 quidam
1242 5001 1364 5082 seipsos
1382 5005 1623 5088 interfecerunt,
1640 5015 1834 5077 estimantes
1852 5021 1887 5083 se

1093 5075 1217 5141 sortiter
1238 5098 1352 5162 agere,
1378 5079 1416 5148 de
1444 5105 1583 5168 quorum
1610 5111 1745 5156 numero
1769 5095 1886 5160 llazias

1094 5155 1178 5237 luit),
1194 5177 1258 5220 non
1274 5169 1380 5224 tamen
1394 5170 1528 5232 estvera
1537 5163 1699 5244 tortitudo,
1714 5174 1769 5236 sed
1784 5177 1886 5256 inagis

1094 5239 1240 5318 quaedam
1263 5243 1413 5324 mollities
1435 5249 1535 5312 animi
1557 5267 1623 5312 non
1641 5252 1776 5317 valentis
1798 5256 1885 5320 mala

1093 5316 1420 5466 lil³1l⁵hll¹⁸‘ll“⁰t
1428 5327 1871 5492 111111111111111111

1276 5445 1297 5475 ·i
1377 5449 1384 5464 ·
1423 5451 1432 5478 r

1092 5474 1294 5557 deciana,
1310 5422 1452 5564 cagfflae
1495 5427 1515 5488 p

1823 5561 1828 5573 1

1127 5714 1167 5788 (i)
1178 5716 1214 5771 lta
1224 5729 1284 5771 enin
1295 5713 1431 5775 codicibus
1442 5715 1573 5772 editiones
1584 5725 1698 5774 veteres.
1710 5716 1883 5790 accensiores,

1090 5801 1161 5842 sano
1182 5787 1267 5852 teob,
1287 5786 1386 5842 habeat
1407 5787 1459 5844 hoe
1479 5787 1706 5858 additamentum:
1719 5789 1778 5846 Non
1799 5796 1882 5848 laniet

669 5857 710 5904 ea
729 5857 801 5920 qum
819 5841 983 5919 pertinent·
996 5838 1036 5903 ad
1088 5860 1210 5938 quantam
1217 5857 1251 5912 ud
1261 5873 1289 5913 ea
1298 5874 1354 5930 que
1364 5874 1415 5914 iren
1425 5853 1554 5930 subjacent
1563 5857 1731 5918 sao'orbitrio.
1742 5859 1794 5917 Sed
1803 5871 1879 5924 iruna

247 5921 332 5998 banc
344 5922 454 5994 vitain,
472 5939 545 6011 que
561 5921 700 5986 hominis
714 5921 817 5988 libero
830 5920 964 5984 arbitrio
976 5937 1037 5983 re·
1087 5937 1149 5994 rius,
1163 5937 1215 5986 eie.
