4110 6346
248 321 307 443 1801
678 371 808 436 sublim
826 370 1054 432 labobocicm
1072 371 1229 434 SECUNDA
1246 372 1427 436 SECUNDAE·
1844 377 1897 442 σω

253 517 322 564 non
350 501 427 563 sunt
452 495 492 561 de
514 495 687 562 dictamine
709 492 846 559 rationis
876 493 1045 559 naturalis.
1102 495 1204 560 bitum
1219 500 1278 572 est,
1294 494 1367 570 1-2‚
1380 496 1495 576 guest.
1508 491 1560 574 dli,
1572 495 1710 562 artbet
1720 495 1753 573 3,
1763 497 1896 568 babitus

252 578 467 724 Ειέἕᾶῑοὶίςὶο
481 587 609 642 nonest
621 577 734 642 virtus.
935 653 941 668 ·
1101 575 1345 670 distinguuntur
1359 573 1538 640 secundiim
1556 577 1717 642 diversam
1732 579 1894 646 rationem

362 663 475 724 contra
485 661 533 721 est
544 658 623 738 quia
635 657 889 720 connumeratur
899 652 971 717 aliis
983 657 1049 721 rir-
1101 656 1229 737 objecti.
1245 658 1293 720 Ad
1308 657 1496 737 religionem
1511 662 1621 722 autem
1635 657 1774 737 pertinet
1797 662 1894 726 cxlii-

253 740 399 814 tutibua,
415 746 452 802 ut
464 757 506 802 ex
517 735 691 832 praemissis
704 738 808 816 patet,
823 739 937 814 quaest.
951 753 1046 814 praec.
1101 737 1176 799 berc
1199 737 1414 801 reverentiam
1431 737 1487 800 uni
1509 736 1576 800 Deo
1596 735 1773 803 secuudum
1793 758 1893 808 unam

240 875 243 884 .
292 819 483 900 Respondco
497 815 665 880 dicendum
700 812 880 888 udd,sicut
891 831 989 895 supra
1001 815 1049 878 di·
1082 817 1275 891 rationem,
1302 817 1514 897 inquantum
1535 818 1726 880 scilicetest
1752 818 1892 898 primum

253 903 341 967 ctum
354 903 414 971 est,
426 902 540 979 quest.
551 895 602 971 58,
614 833 720 969 artql,
736 898 768 958 et
780 893 853 970 1-2,
869 899 982 988 quest.
995 894 1045 970 85,
1082 947 1087 952 .
1121 896 1892 991 rineipinmcreationisetgubernatiouisrerum.

254 984 319 1044 art.
332 978 352 1039 3
365 977 439 1053 etti,
453 979 557 1041 virtus
572 981 621 1040 est
633 994 701 1058 quc
713 973 830 1067 donem
842 973 1049 1066 [acatholico-
1097 914 1187 1040 Snus
1202 995 1271 1057 ipse
1294 977 1370 1040 dicit
1389 975 1527 1040 Malacb.
1549 978 1579 1052 1,
1595 977 1615 1038 6
1629 998 1637 1038 z
1650 977 1689 1041 St
1708 996 1763 1061 ege
1780 979 1890 1058 Pater,

253 1066 328 1128 um,
343 1065 372 1120 ct
395 1075 473 1138 opace
487 1058 553 1139 ejece
567 1055 682 1119 bonum
704 1053 830 1122 reddet:
845 1057 878 1116 et
895 1053 967 1117 ideo
982 1073 1047 1117 ne·
1082 1055 1153 1121 abi
1165 1057 1359 1118 boncrmeui
1369 1056 1385 1116 i
1394 1056 1495 1120 Patris
1509 1057 1596 1120 enim
1611 1062 1660 1120 est
1672 1062 1704 1120 et
1712 1060 1892 1138 producere

251 1153 342 1200 ecsse
352 1142 402 1201 est
413 1136 518 1201 dicere
528 1153 656 1200 omnem
668 1137 776 1199 actum
790 1133 1047 1197 bonumadvir-
1097 1139 1130 1199 et
1163 1137 1335 1200 uberuare.
1351 1137 1391 1198 Et
1410 1135 1482 1198 iil'eb
1505 1137 1713 1202 manifestum
1734 1141 1891 1222 estquod

251 1220 353 1282 tutem
367 1218 541 1298 pertinere.
558 1214 765 1280 Manifestum
779 1217 828 1276 est
837 1216 945 1276 autem
959 1213 1047 1294 qndd
1097 1216 1212 1298 religio
1226 1223 1274 1281 est
1288 1233 1355 1280 una
1369 1216 1482 1279 virtus.

251 1296 384 1391 reddere
397 1296 539 1360 debitum
554 1296 656 1390 alicui·
665 1295 763 1388 babet
774 1292 933 1388 rationein
948 1294 1044 1388 boni,
1138 1297 1340 1392 acerimum
1356 1313 1433 1378 ergo
1449 1295 1617 1392 dicendum
1631 1297 1717 1378 quod
1728 1304 1792 1363 tres
1808 1319 1891 1382 per-

250 1372 1046 1534 lllllllllllll.lllillllltllllt
1088 1377 1890 1538 {lllllllllltlllsllffll'lblile

251 1536 370 1609 dicati,
390 1539 539 1630 respectu
563 1535 664 1617 ipsius
677 1579 686 1608 ‚
699 1533 794 1614 quasi
817 1533 1045 1626 convenienter
1095 1536 1252 1631 religione
1276 1537 1427 1600 servitur.
1451 1537 1592 1600 biversae
1616 1544 1725 1602 autem
1743 1541 1886 1606 rationes

249 1616 418 1679 ordinatus
429 1615 470 1678 ad
481 1633 598 1697 ipsum.
612 1613 698 1677 Ordo
711 1618 817 1677 autem
832 1611 872 1676 ad
885 1617 1044 1677 rationem
1095 1619 1325 1680 attributorum
1339 1615 1537 1679 concurrunt
1550 1617 1591 1682 ad
1610 1619 1770 1683 rationem
1790 1622 1888 1700 primi

250 1696 328 1760 boui
342 1696 499 1775 pertinet,
514 1695 597 1775 sicut
608 1697 640 1758 et
663 1693 777 1756 modus
794 1695 826 1754 et
849 1692 971 1772 species
984 1738 993 1768 ‚
1007 1697 1044 1756 ut
1095 1697 1265 1775 principii,
1284 1698 1362 1776 quia
1372 1698 1458 1759 Deus
1473 1697 1621 1776 producit
1634 1700 1756 1773 omnia,
1774 1704 1807 1764 et
1819 1720 1889 1782 gu-

249 1793 309 1856 per
318 1775 535 1857 angustinum
542 1777 630 1856 patet
638 1774 673 1836 in
683 1773 767 1836 libro
776 1772 815 1836 de
824 1770 945 1835 Natura
954 1773 1041 1847 boni,
1096 1777 1210 1840 bernat
1223 1775 1393 1856 sapientia,
1409 1777 1576 1841 voluntate
1591 1781 1623 1840 et
1634 1779 1778 1860 potentia
1794 1781 1888 1845 boni·

222 1906 228 1917 .
249 1871 289 1918 ca
315 1901 323 1917 .
344 1855 375 1917 3.
395 1853 476 1919 de
499 1871 577 1937 ergo
599 1853 639 1918 ad
661 1854 721 1916 reli
745 1852 853 1916 ionem
884 1852 1043 1932 pertineat
1094 1856 1169 1919 tatis
1185 1873 1262 1919 suae.
1276 1857 1316 1918 Et
1329 1857 1400 1920 ideb
1414 1855 1529 1937 religio
1545 1861 1595 1919 est
1609 1873 1676 1922 una
1691 1859 1807 1924 virtus.

249 1871 818 2006 rcherebonoremdebitumaheni,
829 1931 1041 2009 scilicetIleo;
1134 1935 1182 1998 Ad
1196 1937 1373 1999 secundum
1392 1936 1561 2001 dicendum
1576 1936 1664 2016 qudd
1677 1939 1789 2002 eodem
1810 1945 1887 2006 actu

249 2016 457 2078 manifestum
468 2017 517 2079 est
529 2013 616 2094 quod
630 2012 745 2094 religio
759 2011 859 2075 virtus
874 2015 933 2074 est.
997 2053 999 2058 -
1094 2015 1191 2078 homo
1206 2017 1306 2081 servit
1321 2017 1387 2078 Deo
1402 2021 1434 2078 et
1453 2017 1528 2080 colit
1543 2015 1649 2096 ipsum
1663 2039 1672 2094 ;
1687 2015 1762 2082 nain
1779 2021 1885 2088 cultus

290 2094 338 2158 Ad
354 2095 493 2176 primum
516 2111 594 2234 effe
608 2092 777 2188 dicendum
796 2091 882 2170 quod
901 2092 1042 2186 revereri
1093 2097 1226 2174 respicit
1236 2096 1295 2159 Dei
1307 2096 1543 2171 excellentiam,
1554 2096 1610 2176 cui
1622 2101 1805 2163 reverentia
1823 2100 1886 2166 de-

249 2174 354 2238 Deum
368 2178 418 2238 est
436 2178 527 2238 actus
562 2191 618 2236 oni
637 2172 775 2234 timoris.
791 2169 839 2233 Ad
853 2169 1042 2252 religionem
1095 2176 1209 2250 betnr;
1226 2176 1365 2239 servitus
1377 2179 1485 2240 autem
1499 2177 1630 2256 respicit
1652 2179 1886 2246 sub'ectionem

248 2259 358 2320 autem
373 2253 511 2335 pertinet
523 2251 628 2316 tacere
637 2251 749 2331 aliqua
758 2255 890 2345 propter
901 2250 1043 2314 divinam
1093 2254 1246 2328 bominis,
1262 2257 1320 2336 qui
1342 2275 1384 2318 ex
1399 2254 1459 2320 sud
1473 2256 1654 2320 conditione
1669 2259 1733 2320 obi
1757 2262 1832 2324 ntur
1844 2261 1886 2326 ad

248 2334 475 2398 reverentiam.
489 2332 578 2396 Unde
594 2349 660 2395 non
675 2330 917 2412 sequiturqubd
927 2331 1041 2412 religio
1094 2334 1307 2398 exhibendam
1317 2336 1531 2400 reverentiam
1542 2336 1621 2398 Deo.
1634 2338 1675 2399 Et
1686 2339 1727 2401 ad
1736 2278 1807 2404 Sec
1820 2339 1887 2406 duo

248 2413 291 2478 sit
305 2413 389 2478 idem
402 2413 624 2508 quoddonum
635 2411 773 2486 timoris,
789 2410 844 2474 sed
858 2409 944 2491 quod
957 2411 1042 2473 ordi-
1093 2416 1254 2495 pertinent
1277 2431 1389 2480 omnes
1413 2421 1503 2479 actus
1531 2416 1589 2496 qui
1611 2417 1759 2499 religioni
1785 2423 1888 2483 attri-
2008 2470 2010 2477 ,

247 2497 345 2557 netur
356 2493 397 2558 ad
410 2510 517 2574 ipsum
529 2493 613 2557 sicut
624 2491 664 2556 ad
676 2490 800 2570 aliquid
810 2490 1039 2570 principalium
1083 2494 1249 2569 buuntur,
1271 2497 1350 2574 quia
1366 2513 1424 2575 per
1444 2513 1556 2559 omues
1572 2496 1668 2558 homo
1687 2502 1887 2577 protestetur

239 2576 325 2637 sunt
337 2573 424 2637 enim
438 2573 523 2637 dcun
536 2571 767 2652 principaliora
783 2569 953 2633 virtutibus
969 2587 1042 2632 mo-
1092 2573 1235 2638 divinam
1248 2574 1472 2638 excellentiam
1486 2579 1518 2640 et
1532 2575 1763 2656 subjectionem
1779 2579 1886 2644 suiad

246 2653 383 2728 talibus,
397 2654 434 2716 ut
446 2671 485 2717 su
508 2669 546 2718 ra
562 2652 709 2716 babituui
722 2653 789 2726 est,
802 2653 916 2730 quest.
932 2650 963 2726 9,
976 2655 1039 2714 art.
1091 2653 1211 2730 Deum,
1233 2656 1285 2720 vel
1307 2655 1491 2718 exhibendo
1507 2655 1630 2736 aliquid
1650 2657 1696 2736 ei,
1717 2659 1769 2724 vel
1785 2660 1885 2726 etiam

246 2733 277 2810 1,
293 2732 333 2798 ad
346 2731 378 2808 8,
392 2737 426 2796 et
438 2734 470 2794 1·
498 2776 508 2807 ‚
523 2736 638 2826 quest.
651 2729 704 2806 88,
719 2734 780 2794 art.
795 2729 826 2794 8.
850 2811 857 2824 .
1091 2735 1287 2797 assumendo
1301 2733 1424 2830 aliquid
1437 2735 1594 2801 divinum.

237 2857 239 2864 .
285 2813 332 2875 lid
346 2811 522 2876 secundum
534 2809 703 2874 dicendum
716 2808 802 2888 qudd
816 2812 913 2872 etiam
926 2826 1039 2873 servus
1131 2814 1179 2876 Ad
1192 2815 1504 2878 tertiumdiceudum
1515 2815 1601 2896 qubd
1611 2817 1805 2898 imaginibus
1816 2836 1885 2884 uon

290 2896 353 2956 test
367 2887 550 2956 voluntarie
563 2888 719 2954 exhibere
736 2888 866 2950 domiuo
881 2905 941 2950 suo
953 2889 1041 2968 quod
1091 2894 1263 2957 exhibetur
1277 2894 1443 2976 religionis
1460 2897 1565 2959 cultus
1578 2941 1587 2972 ‚
1601 2895 1778 2970 secundilm
1819 2900 1885 2964 udd

267 2972 356 3066 ebet3
379 2974 411 3035 et
432 2971 479 3039 sic
500 2969 575 3064 tacit
596 2969 635 3032 de
660 2970 850 3063 necessitate
870 2969 1037 3062 virtutem,
1091 2972 1124 3035 lii
1140 2993 1175 3036 se
1189 2975 1267 3053 ipsis
1281 2975 1537 3050 considerautur,
1551 2976 1709 3054 quasires
1744 2996 1767 3040 u
1816 2997 1883 3058 aro,

245 3049 388 3116 debitum
403 3046 584 3114 voluntarie
597 3047 751 3124 reddens3
767 3052 799 3111 et
811 3048 959 3111 similiter
973 3067 1040 3112 ex·
1090 3053 1146 3116 sed
1159 3053 1337 3117 secundilm
1357 3054 1443 3135 qudd
1459 3063 1537 3118 sunt
1556 3055 1714 3137 imagines
1722 2996 1884 3124 (ducentes

245 3129 358 3194 hibere
381 3131 448 3192 Deo
470 3129 611 3194 debitam
629 3127 817 3192 servitutem
838 3132 945 3208 potest
967 3146 1039 3191 esse
1090 3133 1236 3196 inDeum
1249 3135 1465 3198 incarnatum.
1478 3134 1583 3198 Motus
1595 3141 1703 3200 autem
1716 3139 1772 3217 qui
1788 3144 1835 3203 est
1849 3140 1883 3203 in

245 3212 337 3306 actus
353 3209 491 3305 virtutis,
507 3203 685 3274 secanddm
699 3205 786 3289 quod
799 3208 897 3273 bomo
915 3208 1039 3272 volun·
1089 3212 1276 3295 imaginem,
1293 3217 1389 3294 proiit
1400 3219 1450 3278 est
1466 3216 1592 3297 imago,
1608 3233 1674 3278 ncii
1689 3203 1835 3282 consistit'
1849 3220 1883 3283 in

244 3289 326 3354 tario
341 3290 402 3354 lioc
414 3288 499 3354 iacit.
721 3325 724 3331 ι
1087 3292 1173 3372 ipsd,
1189 3291 1244 3356 sed
1261 3294 1360 3358 tendit
1373 3295 1407 3356 in
1420 3295 1451 3357 id
1461 3293 1554 3375 cujus
1566 3296 1692 3360 estima
1715 3313 1746 3358 o.
1760 3297 1799 3360 Et
1811 3296 1884 3363 ided

285 3370 333 3432 Ad
356 3369 486 3432 tertium
511 3367 681 3432 dicendum
707 3366 849 3448 quelle
866 3366 1037 3431 dictamine
1090 3391 1131 3436 ex
1144 3373 1667 3454 hocquddimaginibustristie
1715 3377 1884 3444 ibeturre·

243 3449 380 3514 rationis
389 3449 547 3514 naturalis
558 3447 703 3530 estquod
715 3449 810 3510 bomo
820 3446 930 3527 aliqua
943 3447 1038 3512 iaciat
1088 3453 1219 3548 ligionis
1239 3455 1362 3529 cultus,
1385 3471 1452 3516 non
1472 3453 1707 3519 diversificatur
1724 3455 1808 3522 ratio
1830 3458 1886 3526 la-

244 3529 286 3594 ad
299 3530 515 3594 reverentiam
531 3528 684 3592 divinam.
699 3526 760 3590 Sed
781 3525 868 3607 qudd
885 3527 953 3591 bec
975 3527 1038 3589 de-
1089 3536 1174 3610 trice,
1194 3552 1254 3598 uec
1268 3535 1368 3602 virtus
1383 3533 1561 3616 religionis.
1798 3530 1803 3537 ’

244 3609 415 3674 terminate
428 3609 534 3685 iaciat,
547 3608 600 3672 rel
611 3608 679 3682 illa,
694 3606 780 3670 istud
795 3624 859 3670 non
875 3609 924 3670 est
935 3607 974 3670 de
986 3606 1038 3669 di-

243 3690 381 3754 otamlrm
390 3689 526 3753 rationis
538 3689 708 3758 naturalis.
718 3687 773 3750 sed
785 3685 824 3750 de
836 3685 1036 3751 institutione
1089 3657 1269 3720 mcum
1288 3674 1333 3752 Ψ·
1356 3691 1395 3702 ““
1408 3655 1647 3752 ΨΥΨΨΝΨΟ
1672 3658 1715 3722 ⁸⁸7
1736 3660 1883 3741 ⁸P⁶⁰W⁸⁸⁸

240 3767 326 3851 '‘m-53
343 3768 463 3844 diving,
478 3769 531 3834 vel
544 3768 689 3832 humani·
1266 3735 1426 3801 verterat
1443 3737 1517 3800 altis
1536 3737 1699 3802 detinere.

244 3849 427 3914 Annicucus
442 3865 490 3911 iii.
506 3883 546 3894 -
560 3845 673 3912 Utnlm
685 3845 798 3927 religio
822 3847 867 3909 stt
881 3863 947 3908 occ
966 3845 1037 3910 eir·-
1128 3838 1176 3901 Ad
1183 3840 1337 3917 quartum
1346 3838 1392 3902 sic
1402 3838 1595 3918 proceditur.
1609 3839 1639 3900 1.
1649 3837 1785 3902 Videtur
1793 3841 1882 3921 qudd

367 3939 429 3994 tce.
446 3963 485 3976 --
500 3927 592 4024 (lep,
608 3935 671 3990 ort.
686 3925 718 4002 li,
730 3926 772 3990 cd
786 3928 816 3999 1,
833 3933 862 3988 et
877 3925 922 4008 2.)
1087 3918 1280 3999 religionen
1295 3919 1337 3982 sit
1349 3917 1498 3999 specialis
1511 3919 1614 3981 virtus
1628 3921 1669 3983 ab
1681 3919 1753 3983 aliis
1767 3920 1882 3986 distin·
1930 3987 1937 3998 ,

283 4009 332 4072 Ad
345 4010 476 4074 tertium
489 4026 536 4072 sic
548 4007 743 4088 proceditur.
759 4007 788 4067 1.
801 4005 936 4069 Videtur
949 4004 1035 4085 quod
1087 4002 1149 4062 cta.
1171 3998 1254 4092 Dicit
1267 3998 1353 4092 enim
1367 3999 1416 4061 lu
1442 3997 1586 4074 ustinus,
1602 3999 1640 4060 ¹0
1661 3999 1699 4062 de
1715 3999 1783 4064 Civ·
1799 4001 1880 4079 Dei,

242 4089 358 4172 religio
384 4107 450 4152 non
473 4089 518 4157 sit¹
538 4104 605 4152 una
625 4087 740 4151 virtus.
762 4087 822 4149 Per
846 4085 1036 4167 religionem
1087 4096 1158 4158 cap.
1175 4077 1206 4155 li,
1219 4097 1253 4139 iu
1290 4097 1370 4172 rinc.
1384 4099 1392 4140 i
1408 4017 1523 4142 Serum
1536 4078 1726 4172 sucrificium
1739 4088 1883 4146 retemire

242 4169 329 4232 enim
341 4169 531 4234 ordinamur
545 4167 586 4233 ad
601 4167 715 4242 Deum,
731 4173 768 4229 nt
779 4165 898 4228 dictum
912 4170 960 4228 est
972 4169 1033 4229 art.
1088 4175 1167 4238 opus
1188 4178 1249 4240 pue
1314 4166 1424 4229 mitur,
1446 4168 1483 4222 ct
1504 4159 1614 4221 sancit
1642 4167 1790 4223 societate
1814 4162 1880 4225 Deo

243 4248 371 4331 tbujus
382 4253 496 4331 quest.
507 4248 544 4310 ln
557 4246 624 4311 beo
632 4250 741 4311 autem
753 4250 802 4309 est
811 4245 957 4324 accipere
970 4249 1034 4309 tres
1081 4236 1265 4332 jaceantur·
1286 4177 1346 4302 Sed
1369 4238 1564 4302 sacrificium
1583 4239 1722 4317 pertinet
1741 4240 1781 4303 ad
1800 4241 1883 4304 reli-

242 4345 421 4410 personae,
445 4331 476 4392 et
499 4325 617 4391 lterum
636 4327 737 4390 multa
763 4325 937 4400 attributa,
963 4343 1035 4405 qum
1087 4335 1226 4399 gionem.
1240 4319 1326 4400 Ergo
1340 4337 1437 4382 omne
1449 4336 1531 4399 opus
1546 4319 1672 4382 virtutis
1688 4318 1729 4383 ad
1743 4321 1883 4403 religio-

242 4409 357 4473 saltem
368 4410 495 4473 ratione
507 4406 670 4470 diiieruut.
686 4406 821 4471 Diversa
832 4409 941 4469 autem
951 4407 1034 4470 ratio
1088 4399 1331 4478 nempertine13
1345 4401 1377 4461 et
1388 4400 1435 4462 sic
1447 4416 1513 4461 noii
1526 4403 1575 4462 est
1586 4399 1735 4478 specialis
1747 4399 1865 4465 virtus.

242 4488 359 4569 objecti
379 4488 497 4552 suiticit
518 4486 558 4552 ad
580 4485 860 4551 diversificandum
877 4485 1033 4558 virtutes,
1126 4478 1156 4540 2.
1178 4480 1353 4553 Preterea,
1369 4479 1542 4558 Apostolus
1556 4478 1662 4542 dieitt
1679 4480 1719 4542 ad
1731 4479 1804 4544 Cor.
1827 4482 1879 4558 1⁰,

229 4571 280 4632 ‘ot
296 4586 339 4631 cx
352 4585 452 4649 supra
471 4568 563 4631 dictis
578 4568 683 4648 patet,
699 4572 811 4646 quest.
828 4567 858 4643 1,
873 4568 935 4630 art.
949 4565 980 4643 2,
994 4565 1035 4630 ad
1085 4558 1123 4620 31
1139 4558 1274 4629 :Omnia
1287 4559 1323 4621 ic
1335 4559 1469 4640 glorium
1483 4558 1544 4621 Dei
1555 4558 1660 4641 [acite.
1672 4559 1731 4622 Sed
1746 4559 1787 4625 ad
1799 4560 1884 4624 reli·

241 4647 273 4709 2.
289 4647 333 4708 Er
354 4647 501 4730 oreligio
515 4664 580 4710 non
595 4650 644 4710 est
659 4661 728 4710 una
739 4647 854 4711 virtus.
1086 4639 1216 4722 gionem
1238 4639 1376 4718 pertinet
1395 4639 1437 4702 ali
1463 4655 1507 4702 ua
1529 4637 1634 4702 iacere
1647 4640 1687 4702 ad
1700 4640 1759 4702 Dei
1780 4658 1881 4705 rere-

281 4727 311 4790 2.
376 4727 614 4801 caeremonias
629 4725 1032 4790 virtutisunusestactus:
1085 4720 1242 4794 rentiam,
1260 4723 1297 4782 ut
1317 4736 1418 4799 supra
1438 4657 1558 4780 Sidam
1572 4722 1641 4794 est,
1667 4720 1879 4803 art.1bujus

241 4807 371 4870 babitus
385 4807 472 4869 euim
486 4804 730 4887 distinguuntur
742 4801 918 4870 secundum
929 4808 1032 4868 actus.
1086 4797 1360 4880 quest.‚ad1,et
1379 4799 1441 4862 art.
1458 4797 1489 4860 b.
1510 4796 1595 4880 Ergo
1612 4798 1809 4884 religionen
1828 4806 1880 4866 eet

240 4885 416 4968 Religionis
429 4890 537 4950 antem
551 4886 643 4948 multi
659 4889 736 4948 sunt
751 4890 861 4958 actus,
876 4882 959 4946 sicut
973 4900 1034 4946 co-
1085 4879 1234 4960 specialis
1248 4880 1362 4944 virtus.
1908 4905 1911 4909 ·

205 4995 209 5000 ·
240 4967 319 5050 lere,
337 4971 370 5030 et
391 4966 533 5041 servire,
547 4982 687 5041 rovere,
702 4981 817 5041 orare,
831 4962 1032 5038 sacrificare,
1080 5025 1082 5030 ,
1126 4961 1156 5022 3.
1179 4961 1347 5034 Praetcrea‚
1361 4958 1501 5021 charitas
1523 4957 1588 5038 qud
1609 4956 1754 5041 diligitur
1766 4961 1878 5040 Deus,

240 5049 272 5109 et
286 5047 387 5110 multa
400 5045 595 5130 hujusmodi.
609 5046 694 5127 Ergo
706 5045 821 5127 religio
831 5060 899 5108 non
909 5046 958 5106 est
968 5059 1035 5108 una
1087 5056 1154 5101 non
1168 5043 1217 5103 est
1231 5041 1332 5102 virtus
1346 5038 1495 5101 distincta
1510 5035 1530 5102 a
1544 5038 1701 5104 charitate
1737 5039 1782 5104 ud
1798 5040 1880 5104 dili-

239 5125 355 5193 virtus.
1087 5119 1173 5200 gitur
1184 5123 1364 5198 proximus.
1380 5117 1439 5179 Sed
1451 5118 1536 5180 sicut
1548 5116 1666 5182 dicitur
1680 5057 1745 5182 in‘S
1758 5119 1878 5196 bibio..

279 5207 310 5268 3.
332 5208 503 5283 Preteree,
518 5205 664 5272 adoratio
678 5203 719 5268 ad
731 5204 790 5269 reli
814 5205 922 5267 ionem
935 5201 1035 5282 perti-
1086 5215 1157 5278 cap.
1172 5197 1204 5271 8,
1219 5199 1304 5262 eirca
1315 5198 1432 5277 princ..
1447 5195 1705 5280 bocorcrtpropt
1746 5219 1822 5262 emm
1834 5209 1881 5264 ert

240 5291 306 5351 iiet.
322 5286 383 5350 Sed
397 5286 543 5350 adoratio
556 5285 621 5351 alid
631 5284 759 5348 ratione
771 5223 941 5376 affbibetur
955 5283 1039 5376 ima·⁸
1087 5279 1116 5342 εἰ
1129 5279 1213 5358 qood
1230 5286 1274 5339 est
1290 5279 1400 5341 mouri.
1414 5278 1500 5372 Ergo
1511 5278 1626 5373 religio
1640 5277 1708 5372 qud
1751 5297 1880 5344 onora-

240 5367 388 5448 giuibus‚
404 5369 436 5429 et
450 5365 516 5431 elil
530 5366 592 5460 ipsi
607 5365 685 5427 Deo.
707 5363 788 5427 cum
808 5381 887 5444 ergo
906 5362 1034 5426 diversa
1086 5360 1252 5434 turbans,
1271 5375 1337 5420 iion
1348 5360 1397 5420 est
1418 5361 1518 5421 virtus
1532 5358 1714 5438 specialiter
1730 5358 1880 5425 distincta

238 5447 324 5512 ratio
335 5445 511 5527 distinguat
524 5447 674 5521 virtutes,
685 5443 813 5510 videtur
822 5442 908 5525 quod
920 5441 1034 5524 religio
1086 5441 1128 5503 ab
1140 5435 1357 5511 observantia,
1372 5438 1425 5500 vel
1438 5436 1537 5513 dulia,
1551 5438 1744 5518 impietate,
1758 5441 1879 5518 quibus

239 5544 306 5591 non
321 5526 364 5592 sit
377 5542 445 5589 una
460 5526 574 5590 uirtus.
918 5537 920 5542 ’
1087 5517 1268 5582 honoratur
1293 5517 1474 5597 proximus.
1500 5518 1586 5600 Ergo
1610 5516 1747 5582 nonest
1774 5520 1878 5584 virtus

280 5607 342 5671 Sed
362 5611 477 5670 eontra
497 5609 547 5670 est
591 5602 655 5667 uod
675 5604 792 5668 dicitur
806 5602 925 5682 Ephes.
945 5599 976 5676 li,
990 5599 1032 5662 o:
1086 5599 1247 5679 specialis.

103 5657 106 5662 ¹
240 5687 330 5752 Um
344 5687 440 5761 Deci,
456 5703 523 5749 esic
583 5704 623 5748 es.
643 5685 703 5748 Sed
725 5700 804 5749 vera
822 5682 937 5762 religio
950 5697 1034 5760 pro-
1127 5679 1313 5742 Sedcontra
1332 5677 1480 5759 estquod
1500 5678 1632 5758 ponitur
1655 5695 1730 5759 pars
1745 5677 1878 5761 justitie

239 5771 378 5832 testatur
387 5765 482 5830 tidem
494 5767 592 5829 unius
605 5765 674 5829 Dei.
685 5765 772 5845 Ergo
782 5761 895 5844 religio
908 5767 958 5825 est
967 5775 1034 5824 una
1087 5760 1128 5824 ab
1143 5759 1214 5822 aliis
1227 5760 1295 5840 ejus
1311 5759 1455 5839 partibus
1468 5758 1627 5822 distincta.

241 5849 357 5916 vinus.
1127 5839 1315 5920 Respondeo
1331 5836 1501 5901 dicendum
1515 5839 1602 5917 qudd
1624 5838 1698 5902 ci'rm
1715 5839 1814 5910 virtus
1826 5856 1880 5902 or·

279 5925 470 6008 Respondes
483 5921 1035 6005 dicendumgubd,sieutsnprabn·
1087 5919 1216 5984 diuetui·
1239 5919 1280 5984 ad
1299 5921 1446 5997 bonum,
1469 5917 1526 5982 ubi
1550 5921 1600 5983 est
1622 5919 1771 6000 specialis
1793 5919 1879 5984 ratio
