4056 6340
300 283 371 342 11115
726 290 855 350 suanm
875 295 1105 362 theotonicis
1123 303 1278 370 SECUNDA
1298 313 1476 380 SECUNDAE.
1859 349 1920 414 {pap

185 431 227 474 ,V
296 400 477 465 herroneus
496 413 672 462 neruos—
695 403 808 466 Uinios
826 410 1021 476 continentia
1039 424 1081 479 sn
1138 420 1190 484 lus
1210 425 1286 489 vert
1306 433 1474 498 continens
1489 435 1605 505 dieitur
1620 447 1677 525 qui
1694 449 1782 518 tenet
1795 475 1831 521 se
1845 459 1922 529 ineo

333 479 448 542 „prm
464 492 504 524 ..-
518 478 603 560 (1-2,
622 499 674 564 qn.
699 482 758 560 85,
773 494 835 548 ort.
851 487 986 568 3,(112,
1012 495 1073 557 ea
1137 503 1226 580 quod
1250 509 1298 568 est
1320 513 1497 578 secundum
1522 522 1681 589 rationem
1706 539 1843 615 rectam,
1864 561 1922 608 non

330 567 550 642 port.,qnost.
571 561 607 638 1,
622 563 736 641 ortt,
817 611 826 644 ,
945 616 953 633 .
1075 618 1083 635 .
1267 585 1302 648 iu
1327 607 1365 653 eo
1388 596 1477 692 quod
1501 605 1550 662 est
1577 607 1753 674 secundum
1773 620 1921 687 rationem

335 638 393 715 11,
407 648 469 702 ort.
483 641 513 716 1,
527 658 627 722 corp..
645 644 715 725 pn.)
1136 676 1331 738 perversam.
1350 671 1478 738 Ratione

333 719 381 781 Ad
393 719 534 798 primum
547 720 593 783 sic
608 723 802 801 proceditur.
813 728 841 789 1.
852 729 1082 812 videturquod
1136 746 1402 824 concupiscentia
1423 772 1548 834 prave,
1565 764 1648 828 sieut
1666 775 1698 830 et
1712 775 1832 839 rationi
1845 800 1920 860 ,per-

292 799 490 862 continentia
504 817 570 861 uon
585 803 751 866 sitvirtus.
766 806 893 886 Species
909 813 994 872 enim
1017 832 1081 876 non
1135 837 1237 886 verse
1256 837 1466 906 opponuntur
1484 845 1752 924 concupiscentie
1769 857 1872 923 bone.
1888 863 1920 926 Et

173 877 177 884 '
290 878 505 944 condividitur
516 883 638 962 generi.
652 882 713 945 Sed
727 887 925 952 continentia
938 892 1080 957 condivi·
1135 899 1205 962 ided
1215 907 1345 985 proprie
1355 914 1386 972 el
1395 915 1471 979 vere
1481 921 1648 989 continens
1659 934 1708 991 est
1719 933 1776 1011 qui
1788 941 1919 1016 persistit
2005 959 2006 972 *

289 955 377 1021 ditur
397 959 519 1040 yirtuti,
548 965 586 1023 ut
606 965 694 1041 patet
714 982 772 1044 per
795 966 1027 1049 Philosophum
1046 975 1080 1036 iu
1134 978 1307 1047 iuratione
1326 991 1426 1068 rectit,
1444 998 1608 1066 abstinens
1624 1003 1918 1093 dconcupiscentils

287 1036 444 1114 tulate,
462 1056 533 1119 cap.
550 1041 589 1116 1,
605 1043 639 1104 in
662 1043 780 1120 princ„
796 1054 828 1107 et
849 1063 920 1127 cap.
947 1050 977 1110 9.
994 1052 1080 1134 Ergo
1132 1063 1258 1138 pravis3
1280 1083 1346 1130 nou
1369 1077 1476 1137 autem
1499 1081 1556 1157 qui
1580 1088 1723 1162 persistit
1744 1093 1779 1154 in
1802 1100 1920 1166 ratione

287 1119 563 1185 10111111111111111
574 1125 622 1183 111
634 1124 747 1186 1111111·
1132 1142 1300 1220 perversi,
1315 1148 1512 1220 abstinensh
1528 1169 1795 1244 concupiscentiis
1813 1178 1918 1258 bonis;
2005 1221 2006 1244 t

325 1197 355 1263 2.
371 1199 546 1274 Proetcrea,
562 1202 672 1264 nullus
686 1204 805 1266 utendo
821 1205 937 1270 virtute
951 1217 1077 1290 peccat,
1131 1220 1186 1281 sed
1204 1222 1255 1284 hic
1269 1228 1370 1306 magis
1385 1237 1489 1310 potest
1504 1237 1562 1302 dici
1577 1244 1757 1314 obstinatus
1772 1254 1807 1316 in
1825 1262 1916 1323 maio,

284 1277 375 1418 Ruta,
391 1277 567 1342 secundum
582 1283 799 1362 augustinum
815 1285 849 1346 in
863 1287 918 1348 lib.
934 1289 954 1348 1
968 1289 1007 1352 de
1021 1292 1076 1355 lib.
1170 1299 1217 1360 hd
1227 1305 1362 1374 ‚tertium
1381 1311 1549 1379 dicendum
1566 1323 1653 1401 qudd
1671 1328 1786 1398 Glossa
1804 1335 1849 1398 ibi
1870 1340 1919 1402 ip-

313 1357 418 1432 rbitr.‚
438 1376 509 1438 cap.
531 1358 570 1420 18
591 1364 623 1421 ei
644 1362 693 1437 19,
712 1362 816 1426 oiitns
839 1374 883 1426 cst
927 1369 968 1429 nd
989 1389 1076 1436 nemo

282 1435 360 1498 moli
385 1438 499 1500 utitur.
527 1439 587 1502 Sed
612 1441 730 1519 aliquis
754 1386 947 1508 eontinengo
972 1455 1077 1528 potest
1129 1383 1919 1563 gussmsdeelegggsseztlrldesseecrgzffinpirgrffl'oggi

281 1532 432 1594 peccare;
448 1515 527 1597 puta
541 1519 568 1579 si
583 1518 740 1582 desideret
753 1523 876 1602 aliquid
890 1529 1011 1622 bonum
1030 1531 1077 1624 ia·
1129 1539 1301 1636 quamdam
1318 1546 1466 1644 virtutem
1484 1557 1674 1640 perlectam,
1692 1586 1765 1648 quae
1781 1591 1847 1636 pop
1862 1597 1918 1641 30.

281 1611 366 1671 cere,
380 1601 412 1658 et
426 1598 467 1658 ab
484 1614 523 1659 eo
540 1615 575 1660 se
589 1599 760 1664 contiueat.
779 1604 863 1685 Ergo
879 1612 1076 1676 continentia
1126 1615 1195 1678 lum
1216 1619 1354 1687 abstinet
1373 1630 1414 1691 ab
1434 1632 1552 1699 illicitis
1577 1641 1687 1721 bonis,
1709 1650 1766 1712 sed
1786 1655 1881 1719 etiam
1898 1677 1918 1726 o.

281 1691 347 1738 11011
362 1676 537 1738 1111111111·
1126 1697 1320 1773 quibusdam
1343 1705 1437 1772 licitis
1460 1713 1566 1778 minus
1591 1721 1700 1802 bonis,
1722 1731 1759 1790 ut
1781 1735 1917 1802 totaliter

319 1754 349 1814 3.
365 1757 533 1830 Praeterea‚
548 1757 638 1822 nulla
648 1760 750 1824 virtus
762 1765 898 1828 retrahit
910 1767 1074 1832 hominem
1125 1773 1310 1842 intendatur
1324 1787 1567 1862 perfectioribus
1582 1800 1687 1866 bonis.
1929 1810 1932 1816 '

278 1832 421 1908 dliciiis,
436 1836 492 1897 sed
507 1833 611 1898 solium
624 1841 664 1901 ab
678 1841 808 1904 illicitis.
824 1843 883 1905 Sed
898 1848 1073 1910 contineo·
1127 1856 1305 1922 herroneus
1323 1880 1358 1926 11.
1379 1901 1418 1912 —
1437 1870 1549 1936 Utrcim
1568 1884 1700 1946 neoterio
1719 1893 1916 1960 continenza„

277 1913 324 1978 tia
333 1915 467 1977 retrahit
476 1916 768 1982 hominemdlicitis
781 1943 788 1982 :
801 1922 876 1985 dicit
886 1926 972 1987 enim
982 1929 1072 1990 Glos-
1163 1937 1229 1999 sint
1244 1959 1342 2002 conce
1366 1945 1501 2013 tepentia,
1515 1955 1752 2030 derectam-onum
1764 1975 1875 2039 mem

277 2009 314 2056 sa
328 1993 447 2073 (interl.
464 2013 536 2074 sup.
552 1997 631 2057 illud
647 2019 654 2057 :
671 2000 784 2070 Fides,
800 2003 966 2097 modestia,
983 2007 1070 2100 ciel,
1164 2016 1211 2076 hd
1234 1962 1410 2086 secumfum
1435 2029 1481 2092 sic
1508 2040 1703 2112 proceditur.
1730 2049 1760 2109 1.
1785 2052 1916 2120 viderur

277 2072 347 2136 Gal.
375 2071 414 2147 5,
441 2075 527 2152 qudd
554 2094 613 2154 per
638 2079 868 2144 continentiam
893 2085 1011 2162 aliquis
1036 2107 1071 2149 se
1123 2093 1210 2172 qudd¹
1226 2102 1361 2166 materia
1378 2108 1582 2178 continentiae
1598 2137 1663 2182 non
1682 2125 1746 2188 sint
1762 2140 1914 2215 concupi·
2005 2153 2006 2212 i

276 2151 514 2216 etiamalicitis
527 2156 676 2218 abstinet.
692 2159 777 2241 Ergo
792 2162 991 2229 continentia
1004 2184 1069 2228 non
1122 2177 1250 2268 scentia
1262 2178 1509 2271 delectationum
1522 2197 1636 2261 taetris.
1649 2203 1733 2268 Dicit
1742 2211 1829 2272 enim
1842 2217 1913 2278 Am·
2005 2279 2006 2304 ,

275 2234 450 2296 1111111111·
918 2323 949 2338 ..
1006 2326 1013 2340 ·
1121 2253 1248 2318 broseus
1266 2261 1502 2346 rulde0ffie.,
1522 2291 1592 2354 cap.
1613 2276 1663 2355 16,
1685 2285 1910 2368 &caprino-2
2005 2317 2006 2322 κ

313 2311 373 2374 Sed
388 2317 510 2388 contra,
530 2316 632 2380 omnis
650 2318 779 2381 habitus
797 2320 966 2385 laudabilis
982 2325 1069 2392 vide·
1120 2331 1269 2398 Generolc
1286 2336 1431 2408 decorum
1444 2348 1490 2410 ito
1503 2361 1548 2414 cst
1561 2374 1598 2418 oc
1612 2359 1641 2420 si
1654 2366 1831 2444 ‹cqnohitcm
1844 2375 1913 2454 sor.

273 2393 327 2452 tur
347 2411 417 2456 esse
437 2395 550 2457 virtus.
570 2396 630 2458 Sed
656 2399 853 2465 continentia
877 2405 925 2464 est
946 2404 1068 2484 hujus·
1118 2428 1206 2484 mom,
1223 2424 1315 2498 otqne
1328 2423 1562 2494 universitatem
1574 2435 1745 2506 honestetis
1758 2447 1867 2514 habear
1879 2456 1912 2518 ip

272 2472 472 2534 modizdicit
486 2475 571 2536 enim
586 2473 788 2541 Andronicus
804 2480 890 2558 qudd
905 2485 1068 2548 contt'ncn-
1197 2495 1204 2508 ‘
1478 2510 1484 2522 ·

271 2551 316 2612 tio
342 2559 385 2613 cst
405 2552 528 2630 babitus
549 2555 686 2617 inuictos
709 2557 728 2618 d
748 2558 960 2624 delectatione.
982 2565 1066 2647 Ergo
1117 2577 1207 2636 actus
1223 2573 1384 2645 humanus
1405 2589 1543 2665 pertinet
1558 2595 1598 2657 ad
1612 2597 1841 2674 delectationes
1858 2619 1911 2678 ta-

270 2633 469 2696 continentia
483 2639 532 2697 est
546 2635 660 2697 virtus.
1117 2651 1197 2716 clius.
1220 2656 1305 2738 Ergo
1325 2665 1521 2733 continentia
1545 2691 1610 2738 non
1630 2685 1679 2743 est
1698 2684 1805 2750 soldm
1827 2693 1910 2758 circa

308 2713 497 2792 Respondeo
518 2714 797 2798 dicendumqudd
819 2737 936 2784 nonrcn
961 2726 1066 2816 conti·
1117 2737 1394 2816 concupiscentias
1410 2745 1656 2820 delectationum
1673 2765 1788 2830 taetris.

268 2792 386 2854 nentia
401 2791 571 2870 dupliciter
583 2796 721 2857 sumitur
733 2796 753 2860 a
765 2798 913 2862 diversis.
926 2802 1064 2898 Quidam
1155 2813 1184 2874 1.
1201 2816 1370 2902 Praeterea,
1383 2844 1500 2890 nomen
1514 2836 1719 2906 continentie
1731 2865 1773 2908 ex
1783 2847 1846 2914 boc
1857 2871 1910 2917 sn·

269 2869 355 2929 enim
374 2873 605 2935 continentiam
626 2876 793 2937 nominant
809 2897 980 2957 perquam
997 2884 1064 2946 ah-
1115 2893 1215 2955 mitur
1233 2899 1318 2975 qudd
1331 2903 1450 2982 aliquis
1469 2913 1556 2973 tenet
1569 2933 1604 2977 se
1618 2917 1651 2981 in
1670 2923 1755 2988 bono
1773 2933 1907 3002 rationis

267 2947 341 3024 quis
356 2952 398 3012 ab
416 2951 503 3011 omni
521 2951 730 3016 delectatione
747 2957 888 3022 venerea
905 2962 1060 3040 abstinet3
1114 2978 1219 3048 recta,
1232 2978 1315 3040 sicut
1325 2980 1443 3045 dictum
1454 2993 1502 3050 est
1512 2996 1573 3054 art.
1585 3015 1680 3074 prcec.
1690 3003 1749 3066 Sed
1760 3012 1907 3086 quaedam

266 3026 352 3090 unde
367 3033 399 3090 et
413 3030 598 3108 Apostolus,
614 3033 654 3095 ad
668 3034 770 3098 Galat.
785 3035 816 3109 5,
833 3038 1062 3106 continentiam
1113 3051 1184 3114 aliae
1225 3059 1369 3123 essiones
1384 3065 1604 3137 vehementius
1620 3080 1784 3148 abducunt
1797 3090 1907 3155 bomi-

265 3107 402 3170 oastitati
416 3110 533 3190 conjun
558 3112 592 3172 it.
602 3112 642 3172 Et
654 3113 701 3176 sic
710 3117 909 3181 continentia
920 3121 1061 3216 perlecta
1112 3148 1186 3192 nem
1200 3073 1222 3197 1
1230 3139 1354 3202 ratione
1367 3144 1454 3210 recti
1466 3149 1564 3227 quam
1575 3164 1843 3241 concupiscentie
1854 3173 1906 3236 de-

264 3187 451 3266 principalis
467 3129 596 3270 quitfem
611 3195 660 3254 est
673 3193 723 3255 vir
745 3195 853 3272 initas,
869 3201 1061 3268 secundaria
1111 3209 1308 3279 loetabilium
1327 3222 1450 3300 iactirs3
1473 3228 1556 3292 siout
1573 3237 1670 3300 timor
1687 3245 1905 3322 periculorum

263 3265 340 3328 verb
357 3268 505 3331 viduitas.
520 3271 607 3333 Unde
621 3214 796 3337 secunffirm
809 3276 870 3371 hoo
884 3281 994 3343 eadem
1007 3300 1059 3347 ra·
1110 3294 1241 3370 mortis,
1255 3299 1311 3375 qui
1326 3303 1495 3382 stupefacit
1507 3310 1690 3395 hominem;
1706 3327 1818 3407 etha,
1834 3349 1905 3411 quae
1992 3319 2006 3414 ,¹

262 3346 308 3406 tio
316 3347 410 3411 estde
421 3350 699 3430 continentiaque
707 3353 745 3416 do
753 3357 949 3437 virginitate,
959 3379 1058 3440 quam
1110 3375 1158 3431 est
1172 3371 1307 3440 insanie
1321 3379 1447 3458 similis,
1463 3391 1500 3448 ut
1517 3389 1638 3460 Seneca
1652 3399 1738 3477 dicit,
1755 3407 1812 3470 lib.
1832 3413 1848 3472 1
1867 3413 1903 3476 do
2005 3449 2006 3454 ¹

262 3428 513 3505 supradiximus
527 3431 690 3507 virtutem,
706 3441 819 3513 quest.
835 3435 905 3512 152,
919 3445 979 3501 art.
993 3442 1023 3502 3.
1109 3448 1172 3524 ira,
1186 3471 1257 3532 cap.
1272 3457 1301 3517 1.
1313 3459 1398 3541 Ergo
1412 3469 1609 3538 continentia
1620 3495 1685 3540 non
1698 3479 1816 3550 dicitur
1826 3509 1904 3570 pro-

303 3507 1055 3599 Aliiverbdicuntcontiuentiamesseperquam
1107 3531 1176 3607 prid
1193 3533 1279 3600 circa
1293 3543 1568 3622 concupiscentias
1586 3554 1834 3631 delectationum
1848 3577 1902 3637 ta-

260 3584 379 3665 aliquis
390 3588 510 3651 resistit
525 3593 791 3671 concupiscentiis
805 3597 924 3673 pravis,
936 3617 1008 3678 que
1020 3602 1054 3663 in
1107 3608 1188 3673 ctds.

259 3683 298 3727 eo
313 3669 516 3732 vehementes
536 3672 703 3734 existunt:
720 3682 751 3736 et
768 3675 831 3737 hoo
849 3679 944 3739 modo
964 3683 1055 3742 acci·
1168 3736 1174 3750 .

257 3744 306 3823 pit
317 3747 529 3828 Philosophus
544 3752 774 3816 continentiam
787 3755 821 3815 in
834 3756 855 3816 7
866 3757 969 3825 Ethio.
985 3761 1054 3825 Hoc
1105 3767 1143 3831 dc
1162 3771 1177 3832 1

258 3825 353 3888 etiam
368 3829 462 3889 modo
477 3829 634 3907 accipitur
647 3833 844 3898 continentia
856 3836 890 3897 in
902 3833 1052 3902 Collatio-
1104 3859 1177 3912 nent

258 3905 353 3967 nibus
368 3907 516 3980 Petrum,
533 3910 639 3972 collat.
657 3910 705 3984 11,
724 3915 849 3992 cupid
868 3919 901 3978 et
916 3919 963 3978 11.
982 3916 1051 3983 Hoc
1103 3929 1173 3991 noti

257 3987 366 4045 autem
379 3985 473 4046 modo
488 3987 931 4073 continentiababetaliquid
945 3996 1051 4090 dera-
1103 4011 1207 4072 suevit
1233 4013 1294 4077 dici
1323 4019 1508 4089 divitiarum
1536 4032 1634 4111 quam
1663 4039 1898 4113 delectabilium

255 4060 343 4134 hone
359 4063 503 4138 virtutis,
521 4067 555 4127 in
578 4073 735 4146 quantum
752 4071 873 4135 scilicet
891 4081 973 4138 ratio
987 4078 1050 4141 fir·
1101 4089 1218 4172 taetris,
1234 4097 1410 4162 secundum
1427 4105 1536 4171 illudi
1553 4114 1593 4175 ad
1606 4116 1744 4184 Timotb.
1759 4129 1819 4190 ult.
1836 4131 1897 4192 10:

254 4148 341 4206 mata
356 4147 404 4206 cst
421 4151 532 4208 contra
545 4147 724 4226 passiones,
739 4168 780 4211 ne
794 4154 835 4214 ab
852 4157 898 4216 eis
912 4155 1049 4251 deduce·
1099 4167 1208 4231 Rodio
1229 4177 1366 4240 omninm
1386 4185 1539 4250 motorum
1561 4202 1604 4256 cot
1623 4201 1792 4294 cupiditas.
1812 4210 1898 4294 Ergo

254 4222 324 4297 tur;
343 4241 408 4285 nou
428 4229 534 4288 tamen
554 4228 681 4309 attingit
699 4230 738 4292 ad
758 4231 930 4310 perlectam
947 4243 1049 4301 ratio-
1081 4249 1298 4319 continentia
1321 4275 1386 4321 nou
1411 4269 1459 4326 osi
1482 4273 1612 4350 proprie
1635 4297 1721 4348 circa
1740 4293 1900 4371 concupi-

248 4317 327 4363 oem
343 4304 471 4368 virtutis
489 4307 620 4370 moralis
643 4307 818 4373 secundum
836 4331 934 4392 quam
951 4319 1047 4382 etiam
1099 4330 1237 4393 scentias
1255 4333 1504 4408 delectationum
1518 4351 1633 4419 taetris.

252 4383 411 4461 appetitus
427 4386 600 4449 sensitivus
614 4389 762 4452 subditur
773 4393 891 4488 rationi
907 4397 953 4460 sio
964 4400 1000 4460 ut
1012 4401 1045 4462 in
1138 4407 1168 4468 1.
1179 4411 1348 4493 Preterea,
1360 4420 1586 4496 delectationes
1598 4437 1702 4504 tacids
1713 4461 1777 4507 non
1789 4449 1899 4514 solium

252 4477 291 4522 co
306 4479 372 4524 non
389 4464 560 4546 insurgant
580 4469 782 4532 vehementes
804 4491 971 4551 passiones
989 4496 1047 4542 ra·
1097 4489 1218 4551 suntin
1231 4495 1327 4558 rebus

249 4541 330 4603 tioni
346 4546 525 4608 contrarie.
541 4547 580 4606 Et
598 4547 668 4610 ided
687 4549 900 4631 Philosophus
914 4555 976 4620 dici
1013 4559 1019 4574 “

247 4618 268 4681 1
289 4623 402 4698 Ethic.,
421 4627 580 4704 capuit,
598 4628 684 4706 quod
705 4631 900 4696 continentia
918 4647 1045 4701 nonest
1096 4665 1227 4712 reorum
1242 4660 1410 4724 consuevit
1423 4664 1496 4727 dici.

247 4701 575 4786 cirinsscdpnoedom
584 4707 1056 4788 mieceioquantumscilicet‘
1094 4730 1230 4795 materia
1257 4733 1325 4814 ejus
1356 4747 1509 4825 concupis

247 4779 343 4844 habet
357 4785 477 4864 aliquid
493 4784 531 4848 de
544 4787 677 4862 virtute,
692 4789 767 4850 etin
782 4792 891 4870 aliquo
905 4795 1042 4863 delicitd
1094 4807 1210 4872 laetius.

120 4865 129 4886 ⁸
248 4861 375 4924 virtute.
388 4861 523 4944 Largiris
538 4870 643 4928 tamen
654 4868 839 4947 accipiendo
851 4890 966 4937 nomen
978 4878 1041 4940 vir·
1133 4887 1162 4948 1.
1174 4891 1437 4972 Praeterea,·inter
1448 4903 1615 4977 delectatio

245 4942 321 5004 lutis
336 4962 394 5021 pro
410 4944 554 5022 quolibet
566 4947 724 5024 principio
738 4949 947 5016 laudabilium
960 4972 1042 5038 ope·
1092 4964 1165 5029 dam
1180 4978 1256 5034 sunt
1270 4993 1334 5038 non
1350 4979 1371 5039 h

196 5101 198 5106 Α
245 5037 329 5096 rum,
343 5041 515 5102 possumus
528 5025 633 5088 dicere
646 5028 875 5094 continentiam
890 5053 962 5097 esso
976 5039 1040 5101 vir·
1092 5045 1189 5139 cibis,
1205 5055 1315 5132 utpote
1333 5059 1360 5120 si

245 5101 356 5163 tutem.
939 5196 946 5210 .
1090 5143 1179 5189 mum
1195 5130 1430 5216 humanarum,
1446 5145 1543 5223 quam
1559 5156 1653 5219 etiam
1671 5161 1703 5223 in
1719 5173 1890 5249 venereis,

282 5181 330 5243 Ad
350 5183 489 5263 primum
506 5201 583 5267 ergo
602 5186 771 5251 dicendum
785 5192 871 5270 qudd
890 5195 1039 5261 Philoso-
1087 5205 1168 5284 putd
1183 5209 1217 5271 in
1232 5215 1339 5279 abusu
1352 5221 1543 5305 bestiarum,
1560 5237 1609 5296 vel
1624 5257 1811 5316 puerorum.
1825 5251 1892 5314 Sed

242 5260 326 5339 phus
337 5264 568 5328 continentiam
578 5267 750 5332 condividit
760 5273 869 5334 virtuti
879 5277 1037 5355 quantum
1089 5285 1175 5351 circa
1190 5289 1373 5360 bu'usmodi
1390 5319 1454 5364 non
1472 5313 1521 5370 cst
1535 5317 1744 5400 continentia,
1758 5333 1796 5389 ut
1807 5331 1892 5394 dici-

241 5342 283 5404 ad
296 5343 358 5405 hoo
371 5343 406 5404 in
419 5362 485 5424 quo
499 5345 604 5408 delicit
617 5345 637 5411 d
650 5349 777 5411 virtute.
1088 5367 1142 5427 tur
1155 5312 1350 5453 1111111111,
1366 5398 1437 5461 cap.
1454 5383 1483 5446 5.
1499 5387 1569 5453 Non
1582 5413 1659 5478 ergo
1671 5409 1804 5484 propria
1815 5429 1891 5475 ma·

284 5425 330 5487 hd
350 5428 525 5489 secundnm
546 5428 712 5492 dicendum
733 5433 818 5508 quod
837 5433 933 5525 homo
948 5453 1031 5514 pro·
1088 5446 1167 5511 teria
1196 5453 1399 5522 continentiae
1423 5471 1500 5528 suni
1526 5481 1793 5557 concupiscentiae
1825 5491 1890 5555 αθ.

246 5503 315 5583 prid
335 5513 384 5570 est
400 5506 432 5568 id
446 5509 529 5584 quod
546 5516 593 5571 est
616 5510 790 5571 secundum
806 5519 974 5576 rationem.
992 5517 1032 5580 nt
1086 5523 1294 5594 lectationum
1307 5539 1421 5604 tactas,

245 5581 315 5646 idcb
327 5603 365 5647 cx
379 5585 563 5649 heodicitnr
578 5589 693 5667 uliquis
704 5590 735 5649 io
745 5587 896 5685 seipsoso
908 5601 1030 5688 terrore,
1126 5605 1185 5669 Sed
1198 5615 1310 5677 contra
1325 5625 1374 5680 est
1393 5625 1480 5701 quod
1499 5628 1712 5716 Philosophus
1725 5645 1802 5712 dicit
1815 5649 1887 5713 in’i

245 5665 330 5740 oubd
348 5671 431 5727 tenet
447 5685 482 5728 se
500 5667 532 5728 in
557 5669 701 5748 eoquod
722 5674 875 5762 convenit
898 5685 1028 5766 rationi.
1084 5684 1200 5766 Pthie,
1220 5707 1291 5772 cap.
1312 5693 1342 5775 1,
1362 5701 1448 5779 qudd
1470 5711 1666 5782 continentia
1686 5730 1715 5784 et
1736 5725 1886 5794 inconti-

244 5743 333 5815 Quod
349 5749 455 5807 nutem
466 5747 602 5824 pertinet
616 5747 656 5810 ad
673 5753 915 5826 perversitatem
931 5756 1029 5814 retro·
1085 5765 1275 5834 contineant
1286 5775 1316 5836 c'

585 5825 592 5840 .
718 5827 780 5840 ..
911 5831 917 5844 .
1134 5845 1141 5859 ,
1303 5782 1884 5887 troanodencirooqnaetempcrontio

245 5822 306 5892 nis.
318 5837 381 5884 non
396 5831 445 5887 est
459 5841 653 5890 conveniens
664 5832 794 5890 ratrom.
808 5827 895 5894 liudo
909 5829 963 5895 illo
976 5849 1028 5895 oo·
1085 5851 1113 5904 ct
1127 5854 1377 5932 intemperantia.
1398 5861 1459 5927 Sed
1478 5870 1691 5954 temperantia
1709 5891 1742 5947 ,ι
1759 5885 1881 5953 rupem.

1376 4999 1511 5060 umanee,
1528 4994 1582 5055 sed
1599 4997 1762 5082 bestiales,
1775 5014 1842 5073 tem
1857 5015 1894 5076 in

1374 5063 1445 5140 quis
1462 5067 1673 5144 delectaretur
1685 5081 1717 5144 in
1733 5105 1792 5149 esu
1808 5109 1894 5154 car-
2005 5117 2006 5152 t
