4056 6340
273 427 336 483 nu
705 417 838 480 suune
858 409 1083 468 'irruouocrce
1102 410 1254 468 securos
1274 409 1452 499 seouupe.
1828 411 1899 474 qm
2004 430 2005 492 3

272 541 358 622 quod
368 539 488 602 Seneca
501 535 650 608 dicitlib.
665 533 686 594 2
700 533 738 594 de
749 531 918 600 clement,
935 543 1004 607 cap.
1026 527 1057 602 3,
1113 524 1279 588 clementia
1298 528 1374 586 suut
1391 523 1564 602 potissime
1578 525 1722 590 virtutes.

273 623 349 685 circ.
364 619 481 700 prino,
499 615 584 696 qudd
611 612 770 676 clementio
794 617 838 671 est
855 615 1061 688 temperentia
1153 605 1183 666 3.
1199 607 1366 678 Preterea‚
1383 605 1581 683 Augustinus
1599 605 1674 668 dicit
1693 606 1727 666 iu
1749 604 1807 666 lib.
1822 606 1838 667 1
1862 607 1901 668 de

273 701 369 763 enimi
385 698 421 760 iro
428 702 582 778 potestate
595 691 778 756 ulciscendi.
793 690 833 750 Et
849 689 916 750 lraee
931 686 1061 766 quidem
1113 684 1213 746 Serm.
1229 685 1323 744 Itom.
1339 683 1372 742 in
1383 689 1509 754 monle,
1525 700 1595 762 cup.
1608 684 1640 754 2,
1651 681 1672 747 d
1682 685 1802 762 princ,
1813 685 1901 763 quod

273 778 450 842 moderatio
465 773 564 837 animi
600 772 780 834 roreuiiex
800 766 1061 848 quddamdulce-
1112 761 1774 842 1111111111ᾳαί1111111111111111111111,
1796 770 1901 826 cirron
2004 765 2005 830 ]

272 861 346 921 dine
366 853 511 928 affectius,
527 792 598 946 qul
608 851 681 932 quis
698 849 852 912 abhorret
868 863 964 907 omne
982 843 1060 904 illud
1114 843 1264 902 resistunt
1281 839 1380 908 mato,
1396 841 1448 902 scd
1467 842 1596 902 vincunt
1620 842 1655 904 io
1673 841 1753 904 borco
1774 843 1899 904 mulum

273 936 359 1016 quod
384 937 489 1014 polest
502 933 602 996 alrum
616 929 820 992 contristare.
841 925 881 986 Et
894 923 964 985 ided
987 920 1062 983 dicit
1114 923 1181 982 Hoc
1210 925 1316 982 autem
1337 919 1461 982 videtur
1483 922 1644 999 pertinere
1657 921 1698 983 ad
1719 921 1902 984 misericor-

270 1015 405 1087 Seneca,
420 1014 481 1075 loc.
498 1013 564 1082 cit,
575 1009 661 1088 qudd
685 1006 846 1068 clementio
865 1011 909 1064 cst
926 1002 1063 1082 wedam
1115 1000 1199 1064 diam
1213 1000 1264 1062 vel
1278 999 1449 1077 pietatem,
1475 1016 1548 1078 quae
1567 1001 1693 1062 videtur
1716 1017 1788 1062 esse
1802 1003 1902 1078 polis·

273 1093 386 1158 territos
415 1092 531 1160 ocimi,-
545 1107 639 1162 nam,
655 1087 672 1149 d
689 1099 859 1157 converso,
890 1081 1061 1144 austeritas
1115 1081 1197 1142 sima
1219 1080 1372 1142 virtutum
1387 1097 1395 1137 :
1413 1078 1491 1156 quia
1515 1097 1613 1157 super
1640 1078 1755 1140 illudi
1783 1080 1825 1140 ad
1851 1080 1903 1140 'ri-

273 1174 372 1236 animi
388 1171 591 1233 videturesse
605 1165 754 1244 incoqui
767 1161 1061 1226 nonvereturallos
1115 1158 1213 1219 molli.
1238 1156 1403 1218 lsrPietos
1427 1157 1467 1217 od
1494 1159 1599 1219 omniu
1624 1157 1715 1218 utilis
1742 1167 1805 1235 est,
1828 1158 1903 1219 dicit

274 1251 477 1316 contristare.
1116 1238 1229 1300 Glossa
1244 1237 1401 1297 Ambrosii
1414 1235 1499 1314 qudd
1511 1255 1628 1297 scomma
1641 1236 1805 1316 retipioais
1818 1235 1904 1298 cliri-

317 1329 364 1392 nd
398 1327 574 1390 secuudum
598 1323 766 1386 dicendum
796 1319 883 1398 quod
899 1317 1062 1398 adjunctio
1116 1317 1226 1377 stioooe
1239 1315 1402 1394 inpietate
1417 1315 1573 1376 consistit.
1586 1316 1671 1408 Ergo
1687 1316 1901 1378 mansuetudo

274 1410 428 1472 virtutum
439 1405 703 1470 secundariorum
714 1398 952 1479 adpriucipales
961 1397 1062 1476 magis
1118 1397 1149 1456 et
1170 1394 1337 1456 clementia
1354 1399 1429 1454 sunt
1444 1394 1592 1456 maximae
1609 1399 1754 1456 virtutes.

275 1487 450 1552 attenditur
462 1479 637 1548 secundum
648 1480 777 1541 modum
791 1478 930 1547 virtutis,
945 1475 1000 1554 qui
1015 1477 1065 1536 est
1156 1472 1216 1534 Sed
1231 1478 1343 1534 contra
1366 1475 1415 1534 est
1431 1473 1508 1550 quie
1532 1489 1598 1534 nou
1619 1477 1785 1552 ponuntur
1799 1473 1904 1534 viriu-

275 1567 368 1647 quasi
383 1566 528 1645 quedam
551 1562 653 1624 lorrna
671 1559 759 1639 eius,
777 1555 874 1635 quam
889 1551 1064 1616 secundum
1116 1557 1164 1614 les
1175 1551 1379 1630 principales,
1392 1552 1445 1612 sed
1458 1550 1779 1632 adjung-unturalleri
1792 1553 1903 1614 virtuli

275 1645 453 1707 materiam.
477 1637 689 1703 Mansuetudo
709 1641 816 1698 autem
840 1640 871 1697 et
897 1632 1065 1694 clementia
1117 1631 1210 1711 quasi
1223 1629 1455 1708 principaliori.
1735 1631 1739 1638 '

276 1724 472 1786 conveniunt
489 1739 561 1783 curn
575 1711 784 1796 temperantia
799 1715 831 1774 ln
847 1713 953 1785 modo,
969 1715 1005 1771 ut
1019 1709 1065 1769 di·
1157 1709 1345 1786 Respondeo
1360 1708 1526 1770 dicendum
1551 1707 1636 1788 qudd
1654 1707 1735 1770 nihil
1755 1709 1904 1788 prohibet
2005 1711 2006 1728 ¹

276 1806 362 1864 ctum
382 1807 431 1864 est
450 1801 482 1860 iu
502 1816 589 1876 corp.
605 1803 679 1868 art„
697 1793 769 1856 licet
787 1810 852 1854 uon
873 1789 1066 1854 conveniant
1117 1788 1243 1865 aliquas
1256 1788 1388 1848 virtutes
1402 1805 1468 1848 non
1482 1807 1553 1850 esse
1568 1787 1751 1866 potissimas
1774 1787 1904 1866 simpli-

277 1881 309 1942 in
334 1878 481 1942 materia.
861 1871 869 1878 '
1118 1868 1206 1940 citer,
1229 1884 1288 1928 uec
1305 1865 1411 1944 quoad
1425 1868 1544 1942 omnia,
1563 1866 1617 1928 sed
1638 1862 1813 1930 secundiun
1827 1866 1903 1945 quid

317 1959 364 2020 dd
380 1959 507 2020 tertium
521 1953 688 2016 dicendum
704 1947 789 2028 qudd
803 1947 931 2010 insania
951 1945 1066 2007 dicitur
1118 1949 1150 2006 et
1169 1946 1201 2005 in
1213 1945 1323 2022 aliquo
1338 1963 1464 2023 genere.
1480 1947 1550 2006 Non
1560 1950 1668 2008 autem
1681 1949 1729 2006 est
1751 1946 1903 2023 possibile

282 2055 341 2118 per
354 2037 594 2114 corruptionem
610 2029 768 2093 sanitatis.
786 2027 990 2088 Sicutautem
1015 2041 1066 2087 sa·
1118 2023 1202 2102 qudd
1228 2024 1394 2086 clementia
1414 2031 1446 2083 et
1458 2025 1670 2086 mansuetudo
1699 2023 1765 2086 siut
1778 2023 1905 2102 potissi·

278 2117 363 2179 nitas
383 2113 558 2194 corporalis
581 2109 800 2188 corrumpitur
820 2123 877 2184 per
896 2106 958 2166 hoc
979 2101 1067 2181 quod
1119 2121 1178 2182 mae
1199 2103 1332 2164 virtutes
1351 2103 1553 2180 simpliciter,
1582 2105 1661 2182 quia
1695 2103 1768 2164 leus
1790 2118 1904 2164 earum

278 2212 395 2273 corpus
418 2193 538 2256 recedit
557 2187 696 2252 adebitd
713 2185 935 2264 complexione
953 2183 1066 2242 huma·
1119 2181 1292 2242 attenditur
1302 2181 1335 2240 in
1352 2181 1412 2242 hoo
1428 2183 1513 2259 qudd
1529 2183 1697 2244 retrahunt
1713 2179 1733 2245 d
1748 2182 1853 2254 malo,
1871 2182 1904 2242 iu

278 2291 327 2336 ure
343 2271 477 2352 speclei3
494 2272 538 2332 ila
555 2269 650 2345 etiam
662 2266 790 2328 insania
807 2259 982 2324 secundum
997 2261 1067 2321 uni·
1118 2266 1276 2338 quantum
1291 2260 1597 2322 sciliceldlmlnuunt
1610 2261 1691 2322 iram
1703 2260 1902 2338 relpoenum.
2006 2309 2007 2316 ,

279 2369 365 2416 mam
377 2351 532 2430 accipitur
542 2367 600 2428 per
613 2349 674 2408 lroc
687 2345 773 2423 qudd
791 2341 899 2404 anima
923 2340 1067 2402 humana
1119 2338 1290 2400 Perfectius
1306 2343 1412 2401 autem
1435 2344 1484 2400 est
1497 2340 1652 2418 consequi
1666 2341 1788 2401 bonum
1806 2337 1906 2418 qudm

278 2429 428 2494 recodltd
441 2428 546 2491 debita
556 2425 764 2506 dispositione
775 2422 925 2482 humuuae
936 2419 1064 2495 speciei.
1120 2433 1231 2479 carere
1248 2418 1344 2478 malo.
1358 2418 1397 2477 Et
1411 2418 1490 2479 ideo
1506 2420 1638 2481 virtutes
1657 2435 1731 2496 que
1750 2419 1907 2496 simpliei-

278 2510 370 2584 Quod
393 2509 521 2588 quidem
547 2503 704 2584 contingit
727 2506 758 2563 et
779 2497 955 2562 secundum
969 2499 1068 2559 ratio·
1121 2499 1169 2557 ter
1180 2496 1331 2558 ordinent
1344 2497 1378 2556 iu
1391 2497 1527 2571 bonum,
1543 2497 1723 2570 sicutddes,
1734 2514 1820 2592 spes,
1832 2497 1907 2560 cha·

279 2606 366 2664 nem,
379 2584 583 2666 utputelcilm
594 2583 711 2662 aliquis
723 2597 819 2642 usum
828 2577 1069 2641 rationisamit-
1120 2575 1211 2644 ritas,
1227 2585 1258 2636 et
1273 2576 1370 2636 etiarn
1396 2576 1585 2655 prudentia,
1609 2581 1640 2638 et
1658 2575 1804 2656 justitia,
1827 2580 1904 2638 suut

278 2667 331 2740 tit;
347 2671 378 2729 et
388 2661 544 2745 quantum
552 2663 592 2726 ad
603 2663 666 2724 rim
675 2653 982 2741 appetitivam‚putd
995 2651 1068 2717 curn
1120 2655 1307 2733 simpliciter
1332 2654 1469 2734 majores
1485 2656 1619 2717 virtutes
1638 2653 1739 2734 qudm
1759 2655 1905 2718 clemen-

279 2747 398 2824 eliquis
425 2745 541 2807 amittit
564 2741 712 2804 allectum
737 2739 926 2806 humanum,
945 2749 1069 2796 secun·
1119 2735 1165 2795 tiu
1184 2737 1216 2794 et
1231 2734 1454 2795 mansuetudo.

279 2819 357 2885 dirm
367 2841 463 2903 quem
477 2822 573 2883 homo
583 2817 830 2882 estuaturaliter
844 2814 929 2875 omni
945 2813 1067 2873 homini
1126 2843 1127 2847 =
1160 2811 1219 2873 Sed
1231 2811 1404 2875 secundum
1418 2812 1495 2892 quid
1505 2813 1586 2874 nihil
1599 2813 1749 2892 prohibet
1759 2813 1904 2875 clemen-

280 2903 421 2972 amicus,
436 2899 646 2963 utdicituriu
669 2895 903 2969 SEtlric.‚cup.
925 2893 952 2951 l.
975 2891 1070 2954 lusa·
1121 2893 1198 2954 tiam
1221 2896 1253 2952 et
1287 2891 1563 2954 nransuetudinem
1587 2893 1706 2955 habere
1734 2893 1905 2970 quamdam
2006 2907 2007 2910 ’

281 2981 335 3042 nia
357 2985 464 3042 autern
478 2995 552 3117 «pte
570 2975 711 3040 excludit
722 2990 818 3034 usum
832 2972 989 3043 rationis,
1011 2987 1068 3049 op·
1122 2969 1346 3032 excellentiam
1365 2972 1449 3033 iuter
1462 2971 1595 3034 uirtutes
1610 2988 1684 3049 quae
1694 2971 1851 3034 resistunt
1860 2970 1905 3033 al·

280 3059 484 3138 poniturpru
507 3057 611 3119 entire.
627 3049 686 3114 Sed
702 3050 787 3131 qudd
803 3050 919 3127 aliquis
934 3048 1069 3111 delecte·
1121 3048 1446 3127 lectionibuspravis.
1468 3051 1548 3112 Nam
1573 3051 1644 3122 ira,
1662 3065 1760 3129 quum
1783 3051 1905 3131 mitigat
2006 3047 2007 3068 ¹

279 3143 333 3200 tur
348 3137 380 3198 ln
394 3137 496 3217 penis
511 3134 696 3204 hominum,
714 3130 830 3192 dicitur
844 3146 913 3189 esse
929 3127 1067 3203 insania,
1121 3127 1355 3202 mansuetudo,
1378 3133 1510 3208 propter
1521 3146 1615 3191 suum
1629 3129 1785 3207 impetum
1798 3131 1905 3192 maxi-

280 3215 358 3294 qula
372 3233 430 3295 por
454 3217 516 3276 lroc
528 3213 654 3276 videtur
674 3211 772 3271 homo
788 3209 935 3288 privatus
951 3205 1068 3270 ellectu
1121 3205 1171 3268 md
1183 3206 1314 3284 impedit
1334 3209 1477 3270 animum
1492 3208 1630 3270 hominis
1645 3207 1801 3270 relinere
1816 3208 1904 3288 judi-

281 3295 434 3368 humano,
447 3312 544 3372 quern
559 3287 900 3370 sequiturclementla.
941 3351 943 3354 ,
1121 3289 1171 3346 111
1193 3286 1379 3348 veritatem:
1395 3290 1427 3346 et
1454 3291 1585 3365 propter
1603 3288 1665 3349 hoc
1691 3287 1902 3348 mansuetudo

280 3377 459 3436 Auricuuus
471 3391 515 3435 rr.
528 3368 685 3433 -lltrrim
701 3367 859 3428 clementio
875 3372 904 3424 et
925 3383 1070 3426 monsre-
1120 3363 1261 3426 maxime
1274 3363 1348 3425 lucit
1362 3365 1524 3427 homiuem
1543 3383 1614 3428 esse
1639 3369 1817 3457 compotem
1841 3366 1900 3428 sul.

420 3451 494 3512 tudo
519 3450 584 3511 siut
602 3447 770 3528 potissime
786 3444 928 3506 virtutos.
1120 3441 1207 3504 Unde
1222 3443 1442 3507 diciturllccli.
1460 3445 1509 3519 it),
1525 3444 1562 3505 31
1580 3464 1588 3504 :
1603 3444 1689 3513 Fili,
1705 3461 1741 3506 en
1761 3463 1903 3506 amusos·

319 3530 367 3592 lld
378 3534 529 3609 quartum
540 3529 587 3590 sic
600 3525 791 3605 proceditur.
803 3524 832 3584 1.
843 3522 975 3584 Videtur
982 3521 1068 3600 qudd
1122 3521 1229 3583 tudine
1238 3524 1468 3583 servacii-iorum
1478 3531 1572 3585 tumn.
1588 3523 1740 3596 Quarmn
1754 3525 1904 3602 coucupi-

280 3609 448 3673 clemcntla
461 3614 492 3671 et
505 3603 716 3669 mansuetudo
732 3604 796 3664 sint
809 3602 983 3680 potissime
995 3601 1070 3662 vir·
1121 3600 1248 3662 scentlae
1263 3600 1509 3664 delectationum
1534 3601 1636 3665 tactds
1660 3603 1725 3664 sint
1745 3603 1901 3681 turpiores

281 3693 374 3752 tutes.
391 3689 476 3750 Laus
490 3688 576 3749 enim
590 3682 717 3747 virtutis
742 3679 901 3759 precipui
923 3680 1069 3742 consistit
1121 3683 1153 3740 et
1175 3679 1276 3758 magis
1297 3679 1448 3742 continue
1472 3680 1621 3742 inlestent
1644 3682 1903 3760 :propterquod

283 3767 317 3828 ln
333 3767 394 3829 hoc
407 3765 494 3846 quod
507 3763 636 3827 ordinat
655 3761 819 3822 hominem
843 3759 883 3821 ad
899 3758 1068 3820 beatitudi-
1120 3759 1331 3836 temperantia
1345 3760 1445 3838 magis
1456 3760 1693 3838 poniturrirtus
1706 3760 1901 3839 principalis,

281 3863 372 3920 nem,
397 3863 468 3924 quie
488 3844 522 3906 in
544 3843 602 3903 Del
626 3839 808 3920 cognitione
827 3837 983 3900 consistit.
1008 3837 1068 3898 Sed
1120 3840 1209 3898 utex
1223 3837 1313 3898 dictis
1331 3843 1434 3916 patet,
1449 3855 1504 3916 qu.
1521 3838 1590 3914 111,
1605 3843 1666 3901 art.
1681 3839 1712 3912 7,
1737 3839 1777 3901 ad
1791 3839 1821 3900 2.
1838 3840 1904 3902 Cle·

281 3923 493 4003 mansuetudo
517 3919 658 3983 maxime
687 3919 815 3979 ordinat
839 3917 1002 3978 hominem
1027 3916 1069 3978 ad
1119 3916 1239 3979 mentia
1259 3915 1337 3978 rerd
1359 3916 1392 3976 in
1407 3916 1468 3978 lroc
1493 3917 1578 3995 qudd
1603 3917 1752 3979 diminuit
1778 3937 1900 3996 poenas,

280 4003 338 4064 Dei
355 3997 714 4081 cognitionemzdiciiur
730 3997 815 4057 enirn
829 3994 939 4056 iacobi
952 3994 982 4066 1,
1001 3993 1039 4054 21
1057 4014 1066 4055 ε
1120 3993 1259 4056 maxime
1271 3996 1396 4057 ridetur
1407 3996 1557 4058 accedere
1567 3996 1606 4060 ed
1618 3997 1819 4068 charitatem,
1835 4013 1902 4076 que

281 4081 324 4140 In
336 4076 570 4141 mausuetudine
580 4075 728 4154 suscipite
743 4075 873 4134 insitum
884 4070 1068 4141 oobomret
1120 4074 1515 4151 estpotisslmavirtutum‚
1525 4093 1582 4153 per
1591 4092 1689 4156 quam
1700 4077 1902 4154 bonooperu-

280 4159 377 4220 Eccli.
396 4157 426 4234 5,
449 4156 486 4218 13
498 4177 506 4216 :
520 4155 602 4217 Esto
628 4161 804 4213 mansuetus
824 4151 865 4212 od
879 4149 1068 4214 oodieodoor
1119 4167 1193 4212 mur
1201 4151 1241 4214 ad
1254 4153 1435 4230 proximos,
1450 4158 1598 4215 eteorum
1607 4154 1691 4218 mala
1702 4154 1899 4233 impedimus.

282 4237 406 4300 verbum
420 4236 546 4305 Dei,·et
564 4232 736 4312 Dionysius
759 4230 894 4300 dicit‚in
912 4229 1003 4307 epist.
1026 4231 1066 4292 ad
1158 4230 1902 4312 Adprimumergodiceudumquddmansuetu·
2006 4243 2008 4300 j

280 4315 505 4395 Demophilum
522 4315 614 4396 (quur
626 4301 722 4386 1118,
747 4310 780 4403 in
793 4309 1067 4402 princ.)2Mopsen
1120 4305 1903 4450 doproeparathominemadlieicognitionemre·

278 4401 411 4476 propter
426 4395 554 4456 multum
578 4389 841 4452 monsuetudinem
864 4389 1067 4526 Deroppori-
1119 4404 1233 4450 moveri
1257 4389 1566 4468 oimpedimentum3
1590 4395 1621 4452 el
1639 4391 1700 4452 hoc
1718 4390 1900 4470 dupliciter·

281 4474 365 4534 tiooc
379 4473 506 4553 atquem
520 4470 667 4533 hobitum.
682 4471 767 4548 Ergo
785 4470 960 4529 mansuetu
981 4484 1001 4527 o
1017 4471 1066 4530 est
1118 4467 1379 4547 primoquidem,
1394 4468 1539 4530 iaciendo
1550 4467 1712 4530 homiuem
1725 4477 1903 4550 compotem

280 4552 446 4631 potissima
460 4552 626 4613 virtutum.
1119 4546 1169 4607 sul
1189 4563 1247 4624 per
1272 4548 1515 4609 diminutionem
1535 4551 1608 4622 irre,
1624 4554 1661 4610 ut
1672 4549 1790 4612 dietum
1807 4552 1903 4614 estin

319 4630 350 4692 2.
370 4633 543 4702 Pruterea,
562 4627 650 4691 tantd
672 4628 774 4690 virtus
803 4627 913 4703 eliqua
939 4626 1065 4689 videtur
1118 4627 1360 4703 corp.art.;alio
1377 4625 1470 4688 modo
1482 4628 1559 4706 quia
1571 4627 1611 4691 ad
1627 4627 1904 4690 mansueludinem

280 4729 351 4774 esso
372 4711 489 4788 potior,
515 4706 753 4788 quantomagis
771 4703 1064 4782 acceptaturdlieo
1117 4705 1255 4782 pertinet
1281 4705 1366 4784 qudd
1393 4706 1490 4768 homo
1509 4723 1575 4767 nou
1588 4706 1785 4770 contradicat
1799 4709 1902 4770 verbis

279 4796 310 4852 11
325 4791 365 4852 ob
390 4788 586 4850 hominibus.
609 4785 668 4852 Sed
684 4783 898 4847 mansuetudo
925 4783 1064 4845 maxime
1119 4783 1261 4846 veritatis
1273 4803 1281 4858 ;
1295 4784 1382 4861 quod
1398 4782 1591 4862 plerumque
1603 4786 1704 4863 aliqui
1725 4785 1849 4848 iaciunt
1864 4806 1904 4848 ex

282 4863 691 4946 videturacceptaridlieo
706 4882 713 4924 :
728 4862 946 4924 diciturenim
964 4862 1062 4925 Eccli.
1117 4863 1330 4924 commotione
1351 4864 1417 4924 ire.
1446 4863 1486 4923 Et
1511 4862 1582 4926 ided
1607 4865 1806 4943 Augustinus
1832 4866 1904 4926 dicit

279 4949 316 5022 1,
339 4946 399 5020 31,
417 4946 502 5024 qudd
529 4943 751 5022 beneplacitum
774 4949 816 5002 est
845 4941 909 4999 Deo
937 4940 1010 5020 potes
1036 4950 1065 5004 et
1119 4941 1617 5021 1111111111.111ῑει.,11ρ..1,
1636 4939 1905 5020 aprinc.:Mite-

279 5023 482 5088 mansuetudo
505 5043 513 5082 ε
536 5022 621 5084 unde
651 5025 683 5084 et
712 5019 895 5099 specialiter
922 5018 962 5080 ad
998 5037 1065 5083 sue
1116 5037 1200 5081 scere
1214 5029 1257 5082 est
1278 5039 1343 5081 non
1360 5022 1572 5082 contradicere
1586 5021 1700 5082 divine
1715 5021 1903 5101 Scripturoe,

277 5102 533 5172 mausuetudinis
548 5101 756 5161 imitationem
773 5098 917 5160 Christus
931 5114 990 5159 nos
1015 5099 1064 5159 in·
1091 5157 1095 5170 ,
1116 5099 1365 5170 eversionem,
1377 5100 1404 5160 si
1418 5099 1523 5180 utiquo
1535 5100 1735 5162 citionostro
1770 5103 1905 5169 acutii:

282 5186 378 5260 ritut,
393 5184 522 5254 dicens,
550 5179 663 5242 Mattlr.
680 5178 740 5252 11,
761 5177 801 5239 19
817 5197 825 5237 r
841 5176 1062 5248 Discitcdme,
1117 5178 1180 5238 sive
1207 5197 1273 5240 ooo
1289 5177 1468 5247 intellecto,
1484 5180 1573 5259 qoosi
1591 5197 1648 5240 reos
1666 5179 1736 5242 meti
1799 5198 1905 5261 sopers

297 5265 350 5327 uio
364 5263 447 5325 mitis
461 5281 546 5330 som,
565 5267 594 5320 et
608 5257 732 5321 domitis
754 5256 861 5325 eorde:
877 5260 908 5315 et
921 5256 1062 5320 Hilarius
1116 5255 1278 5338 occisisque
1289 5258 1448 5338 percipere
1454 5275 1625 5338 possessos.

277 5283 532 5418 3111111111
551 5334 962 5414 Matth.,purdnrdprlnc.‚
1001 5334 1064 5396 udd
1156 5333 1204 5396 Ad
1217 5337 1392 5399 secuudum
1406 5336 1572 5398 dicendum
1592 5337 1677 5416 qudd
1692 5338 1904 5401 mansuetudo

277 5439 333 5504 per
362 5420 627 5481 moositetudinem
665 5415 777 5476 meotis
802 5422 917 5474 costroe
944 5412 963 5473 11
1003 5413 1064 5474 itot
1117 5418 1148 5474 et
1162 5416 1329 5477 clementia
1344 5415 1481 5477 reddunt
1495 5415 1656 5478 hominem
1669 5415 1905 5480 Decetlromi-

275 5500 422 5563 Christus
435 5501 471 5560 iro
484 5497 586 5559 nobis.
596 5497 653 5556 Est
667 5495 762 5555 etiarn
778 5491 959 5552 hominibus
973 5507 1063 5553 acce·
1117 5493 1211 5554 nibus
1226 5499 1402 5572 acceptum,
1420 5493 1596 5557 secundum
1611 5495 1697 5574 qudd
1707 5501 1905 5558 concurrunt

276 5580 439 5658 piissima3
458 5577 540 5638 unde
556 5575 673 5636 dicitur
687 5571 783 5633 Eccll.
806 5569 835 5644 3,
857 5569 914 5630 19:
931 5571 1009 5637 Fili.
1029 5572 1063 5632 in
1116 5573 1150 5632 in
1167 5573 1312 5633 eumdem
1331 5571 1476 5635 ellectum
1494 5593 1567 5636 curn
1583 5574 1755 5648 charitate,
1768 5592 1844 5654 que
1857 5578 1904 5637 est

276 5655 511 5718 rnonsoetodine
521 5657 634 5733 perfice
655 5667 749 5729 opero
763 5659 827 5716 tuo,
842 5656 870 5708 et
887 5665 981 5725 super
1003 5649 1063 5709 tro-
1116 5652 1257 5713 maxima
1285 5651 1457 5724 virtutum,
1490 5655 1610 5715 scilicet
1629 5655 1663 5716 iu
1685 5652 1903 5717 subtrahendo

277 5735 395 5795 minum
423 5734 556 5812 ploriom
582 5731 744 5805 diliqerisr
794 5733 902 5805 ropter
931 5729 1062 5803 quodet
1115 5730 1200 5792 mala
1214 5731 1445 5808 proximorum.

277 5811 427 5872 Proverb.
442 5811 493 5884 St),
506 5809 557 5881 28,
570 5809 687 5868 dicitur
698 5747 791 5884 qudtl
798 5806 956 5867 ctemeetilt
969 5804 1062 5867 11111-
1155 5809 1202 5870 dd
1218 5810 1345 5872 tertium
1361 5810 1529 5873 dicendum
1544 5811 1628 5891 qudd
1642 5813 1861 5876 misericordia
1872 5818 1903 5873 et

279 5905 338 5950 nos
360 5889 463 5964 rcqius
482 5887 663 5948 roboretur.
688 5887 772 5962 Erro
798 5883 1011 5948 mansuetudo
1030 5889 1062 5948 et
1117 5888 1217 5968 pietas
1232 5890 1647 5972 conrirniuutquidemcum
1658 5893 1903 5958 mausuetudine
