4138 6340
13 5905 125 6308 t

200 4437 201 4444 '
237 4447 344 4506 autem
358 4437 423 4518 qud

231 293 281 350 abt
687 285 816 346 Stllllltll
834 280 1061 342 mutuatum
1076 279 1231 342 affluam
1251 281 1427 346 saeuitum
1471 319 1474 326 ·
1810 289 1864 348 b&

232 410 322 474 aetus
336 405 518 479 charitatis,
534 406 582 467 est
594 401 753 483 quoddam
772 398 939 478 spirituale
960 399 1022 460 bo-
1072 395 1260 460 scandalum
1281 397 1495 476 pusillorum
1518 400 1651 478 propter
1673 398 1760 479 quod
1784 407 1862 468 sunt

233 507 323 550 uum.
348 486 407 549 Sed
428 479 587 547 interdum
608 499 650 546 ex
675 480 830 544 charitats
851 477 1021 540 dimittitur
1072 476 1255 556 spiritualia
1279 477 1365 539 bona
1387 476 1438 539 rel
1458 477 1666 549 occultanda,
1690 479 1742 542 rel
1764 481 1861 544 etiam

232 567 271 630 ad
290 565 454 629 vitandum
474 561 660 626 scandalum
676 560 833 633 aliorum,
849 564 884 620 ut
902 557 1022 636 Augu·
1072 553 1231 618 interdum
1245 554 1434 630 dillerenda,
1449 556 1502 617 ubi
1522 557 1702 635 periculum
1722 575 1787 620 uon
1802 561 1863 622 irn-

233 648 337 710 stinus
361 645 436 706 dicit
458 642 519 704 inl
543 641 582 702 de
597 639 690 703 civit.
713 637 788 711 Ilei,
804 655 874 716 cap.
892 637 924 709 9,
945 640 1021 698 ante
1073 635 1190 704 minet,
1208 652 1379 713 quousque
1396 633 1518 698 reddita
1531 637 1656 698 ratione
1678 636 1861 718 buJusmodi

233 727 316 788 med.
329 726 414 804 Ergo
425 725 544 784 bonum
556 719 723 798 spirituale
734 723 783 780 esi
792 721 923 796 propter
935 731 1024 778 scau·
1072 714 1260 776 scandalum
1278 720 1400 787 cessct3
1421 714 1447 775 si
1472 723 1579 776 autem
1611 721 1685 794 post
1706 717 1862 781 redditam

233 805 342 869 datum
359 802 591 866 dimittendum·
1072 793 1229 855 rationem
1238 793 1419 885 hujusmodi
1431 793 1617 857 scandalum
1625 796 1730 870 duret,
1740 797 1807 877 jam
1817 798 1865 860 vi-

273 884 303 944 ts.
330 885 505 953 Pratorea,
526 879 742 958 Hieronymus
762 873 838 938 dicit
862 872 1021 954 (babetur
1072 871 1211 934 deturex
1221 870 1344 935 malitia
1354 877 1476 945 esse,et
1489 872 1535 934 sie
1544 875 1785 954 propteripsum
1798 893 1863 940 non

234 964 267 1025 in
286 961 400 1024 Glossd
413 961 480 1022 Nic.
495 954 637 1036 deLyrd,
654 972 726 1035 sup.
740 953 819 1016 illud
835 952 948 1016 Mattb.
964 951 1019 1013 15:
1073 954 1149 1012 sunt
1162 949 1346 1030 hujusmodi
1356 951 1537 1030 spiritualia
1547 968 1647 1032 opera
1660 951 1858 1018 dimittenda.

233 1043 349 1106 Audito
367 1040 424 1101 lure
444 1035 654 1102 scandalizati
661 1082 668 1104 ,
696 1032 776 1113 eto.)
798 1030 885 1111 qudd
907 1030 1023 1092 dimit·
1113 1029 1159 1090 td
1175 1029 1316 1122 primum
1328 1047 1405 1110 ergo
1417 1029 1585 1092 dicendum
1595 1031 1680 1109 qudd
1693 1049 1864 1111 prunarum

235 1121 360 1184 tendum
373 1127 416 1180 ert
428 1125 559 1198 propter
572 1112 752 1176 scandalum
766 1129 853 1173 omne
865 1107 950 1190 quod
961 1127 1023 1187 po-
1072 1107 1205 1171 inllictro
1218 1125 1283 1170 non
1305 1113 1354 1170 est
1375 1114 1506 1189 propter
1527 1127 1562 1171 se
1583 1111 1784 1190 expetenda;
1806 1111 1863 1173 sed

235 1209 291 1262 test
305 1197 503 1280 pretermittr‘
516 1195 603 1256 satuti
616 1191 737 1272 triplici
751 1191 889 1258 uerticis,
904 1189 1023 1251 scilieet
1073 1205 1174 1266 poenae
1198 1187 1388 1267 inlliguutur
1411 1192 1448 1249 ut
1468 1189 1633 1251 medicinae
1657 1187 1804 1268 quadarn
1824 1189 1865 1252 ad

233 1281 322 1348 uite,
329 1277 466 1357 justitio
485 1283 512 1336 rt
528 1272 690 1335 doctrine.
706 1270 764 1332 Sed
782 1269 923 1347 impletio
937 1285 1023 1329 con·
1073 1265 1252 1329 cobibeuda
1265 1272 1414 1345 peccata;
1430 1271 1462 1328 et
1475 1267 1546 1329 ided
1560 1267 1592 1328 in
1608 1271 1731 1330 tautum
1745 1269 1865 1330 babent

235 1359 401 1426 siliorum,
417 1358 449 1417 et
468 1352 596 1432 largitio
610 1351 886 1438 eleemosynarum
903 1345 1023 1407 multo-
1072 1345 1231 1408 rationem
1241 1344 1392 1484 {ustitiam
1406 1345 1440 1406 in
1458 1349 1616 1424 quantum
1635 1365 1693 1427 per
1714 1363 1768 1408 cas
1784 1365 1866 1426 peo-

236 1438 294 1498 ties
332 1439 414 1500 otest
426 1430 623 1512 praetermitti
642 1427 731 1490 salva
754 1427 870 1504 triplici
889 1427 1022 1486 veritate
1073 1428 1145 1486 eata
1166 1424 1238 1486 cobi
1262 1429 1367 1486 entur.
1392 1424 1423 1485 Si
1450 1431 1558 1488 autem
1578 1442 1636 1503 per
1656 1425 1863 1488 inllictlonem

234 1455 406 1595 pretietd3
426 1511 570 1590 alioquin
587 1527 712 1587 semper
729 1509 898 1586 peccarent
911 1521 1021 1565 omnes
1073 1519 1241 1581 poenarum
1262 1503 1467 1564 manifestum
1493 1504 1535 1565 sit
1562 1505 1656 1583 plura
1686 1509 1717 1566 et
1739 1504 1864 1584 majora

234 1597 291 1674 qul
307 1593 570 1673 praetermittunt3
586 1594 617 1648 et
631 1592 736 1649 tamen
749 1586 817 1647 base
831 1588 906 1644 sunt
920 1582 1023 1645 maxi·
1073 1585 1204 1660 peecata
1227 1582 1340 1660 sequi,
1361 1585 1437 1644 tune
1458 1599 1627 1660 poenarum
1644 1582 1776 1648 inllietio
1797 1600 1864 1646 non

161 1689 169 1706 ·
234 1691 288 1737 ma
302 1675 385 1735 inter
406 1667 587 1748 spiritualia
607 1681 717 1745 opera.
735 1665 821 1743 Ergo
841 1662 1023 1740 spiritualia
1074 1660 1291 1722 continebitur
1309 1662 1370 1723 sub
1381 1659 1506 1741 justitia
1519 1681 1527 1734 ;
1542 1664 1574 1722 et
1592 1663 1625 1723 in
1642 1662 1704 1724 boo
1719 1677 1798 1724 casu
1812 1663 1866 1724 lo-

235 1769 335 1833 opera
345 1752 461 1814 debent
470 1744 665 1828 pretermittl
680 1747 811 1822 propter
823 1741 1020 1804 scandalum.
1073 1739 1186 1818 quitur
1199 1740 1420 1819 Augustinus,
1445 1739 1576 1818 quando
1598 1741 1720 1803 seilicet
1740 1759 1782 1802 ex
1798 1758 1865 1802 ex·-

274 1831 304 1892 5.
326 1833 502 1899 Praeterea,
518 1825 629 1888 vitatio
651 1823 821 1903 cujuslibet
838 1820 958 1899 peceati
975 1823 1024 1881 est
1074 1817 1362 1880 communicatione
1378 1819 1565 1896 aliquorum
1577 1819 1722 1880 imminet
1736 1819 1865 1898 pericu·

235 1909 396 1989 quoddam
415 1906 583 1984 spirituale
602 1905 740 1972 bonum;
764 1899 840 1978 quia
859 1897 1024 1977 quodlibet
1073 1896 1142 1959 lum
1164 1897 1365 1971 schismatisr
1390 1902 1467 1959 tune
1485 1897 1572 1960 enim
1596 1899 1869 1971 circummunire·-¹

234 1992 402 2068 peccatum
422 1984 515 2049 allert
536 1981 679 2062 peccanti
702 1976 832 2056 aliquod
856 1977 1022 2056 spirituale
1075 1993 1148 2037 nem
1164 1975 1246 2038 terre
1261 1993 1326 2037 non
1343 1977 1481 2054 pertinet
1493 1975 1532 2038 ad
1543 1977 1863 2056 veritatemjustitiae.

234 2067 470 2138 detrimentum.
486 2063 546 2126 Sed
561 2061 686 2122 videtur
722 2058 784 2119 udd
798 2075 855 2135 pro
871 2055 1022 2118 scandalo
1114 2053 1161 2115 Ad
1175 2054 1350 2117 secundum
1367 2053 1535 2117 dicendum
1549 2055 1635 2134 qudd
1649 2057 1734 2120 cirea
1746 2056 1865 2118 doctri.

234 2146 375 2226 proximi
399 2144 529 2207 vitando
550 2141 665 2203 debeat
687 2077 804 2215 ailquis
828 2135 1023 2215 quandoque
1075 2149 1150 2196 uam
1164 2133 1229 2194 duo
1246 2138 1320 2195 sunt
1335 2129 1588 2206 consideranda,
1607 2135 1728 2196 seilicet
1742 2136 1862 2198 verim

235 2243 367 2306 peecare
391 2223 568 2294 venialiter,
591 2215 668 2298 puta
688 2213 761 2280 ciem
787 2213 947 2294 peccando
968 2231 1023 2275 re·
1074 2229 1147 2291 qua·
1163 2211 1306 2284 docetur,
1322 2213 1435 2292 etipse
1452 2217 1543 2275 actus
1560 2212 1865 2293 doeendi3quorum

235 2305 364 2368 nialiter
378 2303 509 2381 impedit
527 2300 692 2379 peccatum
715 2295 850 2356 mortale
867 2293 1021 2366 alterius;
1074 2291 1213 2370 primum
1228 2296 1277 2353 est
1291 2291 1329 2354 de
1344 2293 1535 2354 necessitate
1552 2293 1678 2365 salutis,
1696 2297 1733 2354 ut
1744 2292 1866 2356 sellium

234 2381 328 2446 debet
357 2383 443 2446 enim
475 2381 570 2441 bomo
599 2375 753 2454 impedire
785 2373 1024 2434 damnationem
1075 2371 1272 2432 eontrarium
1290 2371 1719 2445 veritatinondoceat,sed
1742 2372 1866 2435 verita-

233 2461 373 2543 proximi
386 2455 542 2538 quantiam
553 2459 656 2536 potest
666 2454 735 2516 sins
749 2452 938 2513 detrimento
951 2467 1024 2528 pro·
1074 2453 1139 2511 tem
1169 2447 1346 2511 secundum
1379 2451 1624 2530 congruentiam
1654 2451 1806 2530 temporis
1834 2455 1867 2514 et

234 2542 312 2622 prise
327 2541 451 2612 salutis,
467 2555 540 2616 quse
557 2553 622 2599 non
643 2533 766 2595 tollitur
779 2549 837 2611 per
858 2535 1023 2608 peecatum
1075 2545 1288 2607 personarum
1309 2534 1471 2607 proponat
1490 2530 1544 2590 ille
1560 2529 1612 2594 ,up
1633 2529 1866 2592 qucumbstdo„

236 2620 372 2684 reniale.
384 2620 469 2698 Ergo
481 2615 612 2695 aliquod
621 2615 742 2676 bonum
752 2609 919 2690 spirituale
931 2608 1025 2670 debet
1075 2606 1166 2669 cendi
1182 2607 1341 2682 officium3
1358 2612 1390 2669 et
1403 2607 1475 2668 ided
1489 2614 1621 2688 propter
1634 2609 1760 2671 nullum
1772 2624 1867 2672 sequ.

234 2700 331 2763 bomo
350 2698 592 2778 pretermittere
612 2693 744 2772 propter
763 2689 951 2752 scandalum
973 2688 1025 2749 ri·
1074 2685 1185 2748 datum
1211 2686 1298 2765 quod
1321 2687 1415 2780 sequi
1440 2687 1601 2760 rideatur,
1626 2687 1720 2749 debet
1741 2688 1864 2763 bomo,

234 2778 378 2842 tandum·
1075 2764 1290 2844 pretermissa
1307 2770 1458 2839 veritate,
1476 2765 1648 2828 falsitatem
1662 2766 1787 2829 docere.
1806 2765 1866 2830 Sed

274 2857 333 2920 Sed
348 2861 461 2919 contra
475 2857 522 2916 cst
565 2851 628 2930 uod
643 2849 705 2912 Gre
728 2847 817 2910 orius
831 2845 908 2908 dicit
927 2863 1025 2924 super
1075 2845 1145 2924 ipse
1158 2849 1248 2907 actus
1268 2845 1402 2907 docendi
1417 2844 1502 2906 inter
1520 2846 1704 2924 spirituales
1722 2839 1867 2908 eleemo-

233 2936 363 3009 Erech,
378 2935 466 2996 bom.
479 2933 511 3008 7,
529 2869 687 3010 atiquant.
702 2867 839 3019 iprinc.
852 2945 860 2984 s
874 2924 910 2988 st
923 2923 960 3017 de
970 2943 1026 2986 oe
1076 2941 1173 3062 sgnas
1191 2927 1408 3003 computatur,
1427 2928 1575 3004 utsupra
1591 2925 1710 2988 dietum
1726 2928 1792 3000 est,
1807 2943 1864 3005 qu.

234 3016 330 3078 ritate
349 3011 531 3076 scandulum
545 3009 691 3078 sumitur,
712 3003 826 3067 utstssls
842 3021 930 3096 nosos
946 3021 1026 3095 per-
1075 3003 1105 3063 3·
1122 3049 1130 3076 ,
1148 3007 1209 3065 art.
1235 3001 1272 3075 2,
1291 3006 1323 3064 et
1342 3002 1412 3064 ided
1431 3004 1542 3066 eadem
1567 3004 1650 3068 ratio
1679 3008 1728 3068 est
1743 3003 1782 3066 ds
1801 3004 1867 3065 ‹10-

233 3095 373 3158 mittitur
386 3090 567 3153 scandulum
581 3088 673 3169 qudm
688 3084 772 3168 qudd
790 3091 907 3146 cartas
923 3082 1025 3144 rcttn-
1076 3081 1191 3156 etrind,
1207 3086 1239 3142 et
1250 3081 1288 3143 dc
1307 3081 1378 3144 aliis
1393 3083 1620 3146 misericordias
1640 3100 1661 3145 o
1685 3083 1792 3146 eribus
1805 3105 1814 3159 ;
1827 3081 1867 3146 de

233 3182 361 3256 quatur.
377 3171 435 3235 Sed
457 3172 542 3232 bona
566 3185 581 3229 s
606 3164 749 3228 iritualia
765 3160 1026 3256 marimd'perti-
1076 3161 1193 3240 quibus
1209 3163 1320 3239 postea
1334 3161 1467 3235 dicetur,
1485 3163 1518 3224 in
1533 3180 1620 3241 resp.
1634 3102 1720 3225 actu.

235 3258 312 3316 nent
326 3252 365 3314 ad
379 3250 557 3313 veritatem.
596 3264 653 3326 rgo
666 3247 752 3308 bona
762 3241 944 3323 spiritualia
959 3258 1024 3304 non
1116 3239 1164 3302 Ad
1182 3240 1311 3301 tertium
1334 3238 1503 3302 dicendum
1524 3241 1611 3319 qudd
1627 3242 1783 3310 correctio
1798 3241 1868 3307 lra-

235 3336 312 3396 sunt
323 3336 454 3411 propter
468 3326 656 3390 scandalum
669 3321 866 3386 dimittenda.
1076 3319 1274 3393 terna,sicut
1288 3319 1518 3398 supradictum
1533 3325 1592 3395 est,
1608 3327 1722 3399 quest.
1738 3321 1788 3397 33,
1804 3326 1865 3385 art.

274 3410 462 3489 Respondeo
476 3406 645 3468 dicendum
659 3403 756 3496 qudd,
772 3399 844 3463 ciam
854 3398 974 3492 duplex
984 3399 1026 3461 sit
1077 3398 1111 3470 1,
1140 3397 1309 3461 ordinatur
1332 3397 1372 3460 ad
1398 3400 1655 3462 emendationem
1677 3400 1807 3475 iratris;
1835 3407 1868 3462 et

235 3492 444 3562 scandalum,
471 3485 611 3549 activum
636 3483 757 3546 scilieet
779 3485 810 3543 et
838 3495 1023 3558 passivum,
1077 3476 1148 3539 ided
1163 3477 1197 3538 in
1212 3481 1338 3540 tantum
1358 3479 1574 3557 computanda
1591 3483 1640 3543 est
1661 3480 1746 3542 inter
1768 3479 1869 3559 spiri-

234 3573 370 3652 quaestio
389 3570 451 3630 ista
476 3583 542 3628 non
563 3565 660 3626 babet
680 3563 787 3624 locum
807 3559 846 3620 de
868 3557 1022 3620 scandalo
1076 3557 1179 3620 tualia
1191 3558 1287 3632 bona,
1300 3557 1333 3619 in
1343 3562 1501 3636 quantum
1514 3559 1574 3620 boc
1586 3560 1741 3638 consequi
1751 3563 1866 3638 potesta

235 3652 356 3722 activo,
372 3648 449 3728 quia
462 3644 535 3708 ciam
549 3641 737 3706 scandalum
750 3639 892 3702 activum
912 3637 955 3698 sit
968 3635 1026 3697 di-
1076 3636 1162 3714 quod
1177 3653 1243 3697 uon
1258 3637 1432 3716 contingit,
1450 3638 1476 3698 si
1492 3655 1534 3698 ex
1551 3637 1748 3700 correctione
1767 3637 1868 3700 irater

236 3738 321 3793 etum
334 3728 381 3791 vel
400 3729 518 3806 sectum
528 3719 632 3783 miuus
646 3728 780 3788 rectum,
795 3716 876 3778 nibil
890 3721 938 3777 est
950 3731 1024 3777 cum
1077 3714 1323 3778 scandalizetur.
1340 3715 1380 3776 Et
1394 3715 1476 3790 ided,
1495 3716 1520 3777 si
1556 3722 1666 3796 ruptor
1679 3714 1867 3779 scandalum

235 3807 388 3873 scandalo
405 3803 509 3866 activo
524 3799 714 3864 laciendum.
1077 3793 1233 3856 eorrectio
1243 3793 1431 3868 dimittatur,
1445 3811 1511 3857 nou
1543 3795 1550 3809 ‘
1587 3797 1688 3858 ittitur
1700 3793 1868 3874 spirituale

275 3887 379 3950 Habet
391 3881 614 3947 autemlocum
625 3875 771 3957 questio,
788 3873 814 3936 si
827 3872 1026 3953 intelligatur
1078 3873 1211 3934 bonum.

236 3967 274 4030 de
285 3960 585 4054 seandalopassivo.
595 3952 869 4020 Considerandum
879 3957 1023 4032 actergo,
1118 3951 1165 4012 Ad
1191 3953 1342 4029 quartum
1368 3952 1537 4014 dicendum
1562 3952 1649 4032 qudd
1678 3953 1868 4018 inveritate

236 4045 313 4126 quid
328 4045 369 4106 sit
383 4036 619 4110 dimittendum,
637 4053 679 4096 ne
693 4033 809 4112 aliquis
823 4032 1027 4094 scandalizo·
1079 4030 1162 4105 ritas,
1180 4029 1331 4092 doctrinae
1349 4035 1382 4093 et
1393 4031 1544 4110 justitia,
1563 4051 1629 4095 non
1646 4029 1751 4096 soldm
1772 4051 1870 4095 com..

237 4131 300 4188 tur.
312 4124 370 4185 Est
384 4125 493 4184 autem
506 4117 540 4178 in
559 4113 780 4194 spiritualibus
803 4112 896 4173 bonis
914 4111 1026 4172 distin·
1078 4109 1287 4189 prehenditur
1301 4110 1332 4172 id
1368 4111 1430 4171 uod
1446 4116 1494 4174 est
1514 4111 1552 4173 de
1567 4113 1759 4175 necessitate
1771 4113 1868 4175 salu-

236 4201 410 4287 guendum.
426 4199 507 4260 Nam
521 4195 668 4276 quadam
688 4193 803 4283 borum
819 4195 895 4283 sunt
913 4189 952 4250 dc
966 4207 1027 4251 ne-
1078 4189 1131 4282 tis,
1149 4188 1204 4251 sed
1219 4189 1315 4252 etiam
1338 4128 1369 4250 ii
1384 4208 1442 4269 per
1459 4190 1546 4270 quod
1560 4190 1731 4269 perlectids
1746 4209 1869 4271 perre-

237 4283 385 4348 cessitate
400 4276 532 4349 salutis,
551 4292 625 4354 que
645 4274 842 4352 pretermittr
866 4285 929 4330 non
944 4286 1027 4347 pos·
1079 4275 1167 4329 mtur
1183 4268 1223 4331 ad
1239 4268 1396 4340 salutem,
1415 4266 1591 4332 secundam
1608 4269 1686 4331 prud
1707 4271 1723 4332 1
1738 4271 1777 4333 ag
1793 4270 1866 4332 Cor·

237 4367 313 4426 sunt
336 4361 405 4424 sine
451 4359 560 4420 eccato
581 4351 723 4415 mortali.
751 4348 957 4412 blanilestum
979 4354 1027 4412 est
1079 4347 1128 4420 12,
1144 4346 1203 4408 31:
1217 4345 1766 4412 AEmuleminicburismotomeliore.
1780 4349 1868 4413 Unde

424 4377 450 4498 t
459 4435 567 4498 nullus
581 4433 675 4494 debet
688 4428 865 4518 mortaliter
881 4443 1025 4506 peccare,
1079 4427 1175 4489 etiam
1183 4425 1318 4488 consilia
1326 4440 1391 4488 uou
1402 4433 1478 4489 sunt
1487 4427 1674 4506 simpliciter
1681 4429 1870 4509 praetermit-

237 4527 272 4585 ut
287 4520 419 4586 alterius
434 4518 601 4595 peceatum
620 4511 662 4573 im
687 4506 791 4582 ediat3
814 4506 891 4586 quia
904 4524 1028 4569 secun·
1080 4505 1187 4576 tenda,
1203 4522 1263 4566 uec
1275 4505 1371 4568 etiam
1386 4505 1612 4570 misericordie
1624 4525 1721 4587 opera
1738 4511 1870 4587 propter

236 4528 1028 4668 ditmordinemcbaritaiispiusdebetbomosuam
1080 4584 1286 4657 scandalum3
1308 4583 1363 4645 sed
1387 4590 1464 4646 sunt
1489 4582 1650 4648 interdum
1678 4586 1869 4652 occultanda

237 4683 374 4745 salutem
396 4673 596 4754 spiritualem
610 4669 744 4750 diligere
766 4663 865 4745 quam
879 4666 1025 4728 alterius.
1079 4664 1130 4726 vel
1153 4662 1328 4726 differenda
1354 4669 1485 4743 propter
1511 4665 1699 4728 scandalum
1724 4667 1868 4745 pusillo-

236 4761 276 4824 Et
289 4757 359 4820 ided
373 4771 411 4818 ea
428 4769 501 4832 quoe
520 4753 596 4813 sunt
620 4747 658 4811 de
680 4747 870 4810 necessitate
890 4744 1025 4819 salutis,
1079 4761 1163 4813 rum,
1179 4747 1216 4805 ut
1229 4741 1348 4804 dictum
1363 4749 1412 4806 est
1431 4743 1464 4804 in
1482 4761 1571 4822 corp.
1587 4749 1648 4807 art.
1668 4745 1870 4824 Quandoque

238 4833 435 4920 praetermitti
460 4848 525 4893 non
547 4830 664 4891 debent
685 4830 816 4906 propter
839 4824 1027 4887 scandalum
1079 4826 1186 4885 tamem
1219 4822 1428 4883 consiliorum
1455 4823 1639 4886 observatio
1670 4828 1702 4886 et
1725 4823 1868 4904 impletio

239 4913 414 4984 vitandum.
1080 4919 1214 4980 operum
1232 4899 1456 4962 misericordie
1468 4905 1545 4961 sunt
1557 4901 1595 4964 de
1608 4903 1798 4966 necessitate
1813 4919 1871 4966 sa-

277 4999 314 5060 ln
329 4995 379 5057 bis
393 4996 508 5070 autem,
523 4985 744 5067 spiritualibus
764 4981 858 5046 bonis
872 4997 944 5061 quae
961 4998 1026 5042 non
1080 4979 1267 5056 lutiquuod
1279 4983 1365 5057 patet
1375 4978 1406 5038 in
1421 4978 1470 5039 bis
1484 4981 1540 5058 qui
1548 4980 1615 5060 jam
1626 4987 1788 5044 voverunt
1799 5000 1872 5044 00⁰.

238 5082 315 5142 sunt
338 5075 375 5137 de
398 5069 588 5133 necessitate
613 5061 886 5138 salutis,ridetur
907 5060 1029 5121 distin·
1081 5059 1206 5134 silia‚et
1222 5059 1254 5116 in
1271 5057 1318 5118 bis
1330 5057 1447 5137 quibus
1458 5075 1499 5119 ex
1511 5059 1617 5121 debito
1631 5061 1777 5124 immines
1786 5060 1871 5122 dese.

239 5155 412 5238 quendum.
429 5151 512 5227 Quia
535 5145 721 5210 scandalum
736 5142 821 5222 quod
837 5160 878 5203 ex
895 5141 941 5202 eis
959 5141 1029 5200 ori·
1081 5139 1183 5201 etibus
1196 5137 1333 5198 aliorum
1348 5137 1519 5200 subvenire
1530 5140 1580 5202 rel
1596 5140 1628 5200 in
1639 5141 1869 5220 temporalibus

238 5245 303 5311 tur,
317 5231 512 5316 quandoque
528 5247 569 5289 ex
582 5217 1029 5302 malitilprocedit,cl1msoi-
1083 5214 1172 5296 (putd
1212 5215 1348 5276 ascendo
1364 5216 1589 5299 esurientem),
1606 5219 1654 5280 ve!
1671 5219 1703 5281 in
1719 5219 1871 5312 spiritua.

239 5319 313 5380 licet
328 5311 427 5391 aliqui
442 5310 553 5372 volunt
566 5303 719 5384 impedire
732 5298 916 5380 hujusmodi
931 5298 1029 5376 spiri·
1082 5296 1167 5358 libus
1189 5235 1288 5376 iputd
1303 5293 1445 5356 docendo
1467 5296 1710 5379 ignorantem),
1726 5317 1792 5362 sive
1808 5299 1872 5360 hu.

240 5396 340 5461 tualia
353 5396 456 5462 bona,
471 5385 623 5451 scaudala
637 5379 847 5450 concitando;
862 5383 893 5439 et
907 5378 967 5438 boc
981 5380 1029 5439 est
1079 5373 1219 5457 jusmodi
1235 5373 1315 5436 liant
1328 5373 1435 5436 debita
1449 5383 1580 5454 propter
1597 5375 1779 5456 iniunctum
1794 5375 1873 5438 offi-

240 5473 428 5540 seandalum
450 5467 708 5538 l‘barisreorum,
739 5459 796 5539 qui
822 5457 859 5518 de
883 5453 1029 5518 doctrina
1082 5457 1179 5525 eiurn,
1196 5457 1230 5516 ut
1245 5453 1378 5532 patella
1395 5455 1553 5533 praelatis,
1572 5457 1640 5518 sire
1661 5461 1793 5536 propter
1807 5474 1872 5518 ne-

239 5553 367 5619 bomini
386 5547 707 5614 scandalizabantur3
722 5535 807 5616 quod
825 5555 896 5598 esse
917 5537 1029 5596 conte·
1083 5535 1263 5597 cessitatem
1288 5533 1351 5593 indi
1376 5533 1475 5606 entis3
1497 5539 1529 5595 et
1552 5539 1628 5596 tunc
1653 5535 1764 5598 eadem
1788 5537 1871 5598 ratio

240 5633 414 5700 mnendum
426 5627 580 5690 Dominus
595 5623 697 5688 (t00012
712 5617 822 5678 Matth·
840 5614 888 5676 15·
1084 5619 1132 5677 est
1146 5613 1183 5674 do
1200 5551 1398 5692 hujusmoii,
1415 5613 1497 5674 sicut
1508 5613 1546 5674 de
1561 5613 1633 5676 aliis
1649 5622 1813 5692 quaesunt
1833 5615 1871 5678 de

279 5711 480 5789 Quandoque
503 5703 578 5767 verb
607 5697 792 5762 scandalum
823 5693 965 5772 procedit
988 5712 1030 5756 ex
1084 5691 1273 5757 necessitate
1291 5693 1415 5755 saturis,

243 5791 428 5860 infirmitate
446 5786 500 5880 yet
517 5778 718 5864 ignorantid3
738 5780 770 5839 et
783 5773 965 5858 hujusmodi
982 5777 1031 5837 est
1123 5773 1170 5837 ad
1185 5773 1335 5864 quintum
1347 5769 1515 5837 dicendum
1527 5771 1614 5864 qudd
1634 5771 1766 5859 quidum
1778 5771 1874 5862 diga,
