4056 6340
276 334 347 394 litt
468 349 471 354 ·
720 332 850 390 sellim
869 333 1096 394 THEOLOGlGAE
1113 335 1267 394 SECUNDA
1289 333 1469 393 SECUNDAE.
1837 331 1905 392 1111

276 458 432 524 «prestre
445 449 571 526 dicitnr,
587 445 692 521 idest,
708 449 916 524 mensuratis,
932 452 983 512 rel
998 467 1066 512 mo-
1077 455 1091 478 ²
1120 450 1316 529 Ethicscap.
1327 450 1358 524 1,
1368 449 1388 512 1
1398 449 1480 512 med.
1489 448 1574 529 Ergo
1583 447 1747 511 humilitas
1756 449 1904 514 estmaxi·
2008 433 2009 492 Ϊ

277 532 443 602 «deratios
459 551 473 586 s
489 544 562 606 quae
575 526 740 588 manifeste
753 530 892 605 pertinet
903 529 942 591 ad
958 531 1065 592 mode·
1120 546 1173 591 ma
1187 530 1354 591 virtutum.

276 613 371 674 stiam
392 609 442 671 vel
459 607 715 685 temperantiam.
739 607 823 698 Ergo
839 607 1001 670 humilitas
1016 613 1065 670 est
1158 607 1188 668 1.
1216 611 1388 683 Praeterea,
1413 608 1611 687 Augustinus
1636 605 1712 668 dicit
1733 607 1766 668 in
1789 607 1844 670 lih.
1866 609 1902 672 tle

275 709 351 770 pars
366 687 527 750 modestiae
542 687 593 747 vel
609 692 838 763 temperantiae.
1118 687 1217 748 Verb.
1233 689 1338 760 Dom,
1357 706 1452 749 serm.
1471 688 1519 758 10,
1542 703 1612 766 cap.
1631 688 1646 747 l
1668 686 1740 748 :Co
1765 688 1901 748 irasmu-

313 766 501 846 Respondeo
514 765 680 826 dicendum
694 765 791 842 qudd,
807 765 889 826 sicut
901 784 999 846 supra
1014 767 1066 828 di·
1117 785 1209 845 paam
1238 765 1388 847 fabricam
1417 777 1594 828 construere
1621 765 1705 826 celsit
1747 766 1838 825 inis?
1861 769 1903 829 De

274 853 360 911 ctum
374 852 434 915 est,
458 850 571 923 quest.
589 844 657 916 128,
669 849 700 904 et
711 849 823 921 quaest.
837 845 905 917 129,
918 853 978 906 art.
991 846 1020 918 5,
1033 854 1066 909 et
1116 845 1315 926 fundamento
1336 844 1426 926 priris
1446 845 1549 924 capito
1562 843 1759 905 humititatis.
1773 845 1825 904 Ex
1840 863 1902 923 quo

272 931 386 1006 quaest.
401 924 470 996 157,
487 928 547 985 art.
570 923 600 995 3,
625 926 656 982 in
675 923 870 1000 assignando
886 929 991 1003 partes
1008 928 1086 986 vir-⁴
1117 924 1243 986 videtur
1274 924 1360 1002 qudd
1396 924 1559 985 humilitas
1592 923 1633 984 sit
1664 921 1900 989 fundamentum
2008 929 2009 946 ¹

214 1066 221 1074 ,
272 1007 393 1067 tutibus
409 1002 568 1084 praecipud
583 1003 756 1063 attenditur
769 1003 942 1062 similitudo
955 1021 1064 1081 quan·
1117 1003 1261 1065 omnium
1281 1005 1447 1064 virtutum.
1467 1004 1553 1080 Ergo
1572 1002 1782 1064 videturesse
1801 1005 1903 1081 potior

270 1090 340 1147 tum
356 1084 396 1146 ad
417 1083 545 1143 modum
568 1082 707 1142 virtutis.
730 1080 841 1142 Modus
858 1088 965 1142 autem
981 1089 1063 1144 temss
1116 1081 1187 1142 aliis
1204 1082 1385 1144 virtutibus.

272 1165 436 1242 perantiae,
449 1181 490 1222 ex
505 1178 570 1238 quo
585 1157 724 1220 maximi
742 1160 837 1221 hahet
851 1160 995 1230 laudem,
1014 1169 1063 1224 est
1156 1159 1186 1220 3.
1209 1161 1376 1234 Praeterea,
1389 1159 1502 1240 majori
1521 1160 1632 1222 rtrtud
1654 1160 1758 1240 majus
1770 1158 1903 1224 debetur

271 1241 465 1312 refrenatio,
489 1241 541 1301 vel
569 1239 730 1316 repressio
756 1238 892 1316 impellis
923 1241 1059 1320 alicuius
1115 1240 1292 1317 praemium.
1311 1240 1370 1301 Sed
1386 1239 1558 1300 humilitati
1577 1240 1756 1301 maximum
1771 1240 1902 1302 debetur

270 1321 442 1401 passionis.
455 1319 495 1378 Et
508 1318 578 1380 ideo
588 1334 700 1377 omnes
714 1317 846 1378 virtutes
861 1318 1060 1382 refrenantes
1114 1319 1292 1395 premium,
1315 1320 1391 1396 quia
1405 1321 1461 1397 qni
1482 1338 1513 1378 se
1535 1317 1677 1380 humiliat
1700 1319 1899 1388 exaltabitur,

270 1401 338 1463 sive
352 1399 561 1478 reprimentes
577 1397 712 1473 impetus
727 1397 909 1473 aliquarum
920 1397 1061 1460 affectio-
1114 1397 1379 1460 usticiam-Luco
1390 1397 1421 1472 1,
1432 1397 1462 1456 3.
1475 1398 1560 1477 Ergo
1570 1398 1734 1466 humilitas
1750 1402 1799 1460 est
1808 1399 1903 1461 maxi·

270 1499 359 1551 num,
375 1478 574 1541 velactiones
586 1475 800 1548 moderantes,
813 1480 1059 1554 ponunturper·
1115 1492 1169 1537 ma
1180 1475 1348 1538 virtulum.

269 1564 316 1620 tes
346 1555 573 1635 temperantia.
599 1553 687 1614 Sicut
712 1557 819 1614 autem
845 1558 1060 1619 mansuetudo
1152 1551 1182 1613 1.
1206 1557 1379 1628 Praeterea,
1399 1556 1482 1616 sicut
1497 1555 1699 1635 Augustinus
1712 1555 1787 1616 dicit
1799 1555 1832 1615 in
1846 1556 1899 1618 lib.

269 1638 414 1716 reprimit
442 1641 563 1695 motum
589 1633 666 1706 irre,
697 1632 742 1694 ita
769 1634 865 1694 otiam
895 1635 1060 1697 humilitas
1113 1631 1152 1692 de
1173 1632 1250 1696 verit
1271 1635 1384 1726 Reliq„
1406 1651 1476 1712 cap.
1497 1633 1544 1706 16,
1563 1650 1627 1694 nou
1652 1635 1763 1712 procul
1785 1633 1899 1696 alin:

268 1715 415 1795 reprimit
432 1719 554 1773 motum
570 1711 649 1789 spei,
665 1713 721 1788 qui
737 1715 786 1772 est
797 1717 902 1774 motus
926 1713 1058 1791 spirittls
1112 1713 1194 1784 Toto
1207 1712 1401 1774 vitoChrrsti
1412 1714 1549 1775 interris
1560 1730 1616 1790 prr
1630 1711 1799 1782 hominem,
1816 1731 1903 1792 quem

268 1796 301 1856 in
323 1809 440 1872 magna
463 1789 632 1851 tendentis.
651 1791 690 1850 Et
708 1789 780 1852 ideo
801 1792 884 1852 sicut
905 1809 1061 1856 mansue-
1113 1791 1269 1869 suscipere
1279 1791 1427 1870 diadolus
1443 1801 1497 1860 est,
1512 1791 1681 1870 disciplina
1694 1809 1815 1851 mamm
1828 1793 1900 1872 suit·

212 1919 215 1926 .
267 1874 345 1934 tudo
358 1873 489 1950 ponitur
503 1887 577 1947 pars
592 1869 823 1947 temperantiae,
834 1869 878 1932 ita
892 1871 987 1931 etiam
999 1874 1059 1934 hu·
1112 1868 1172 1950 Sed
1193 1869 1352 1948 precipue
1373 1872 1585 1932 humilitatem
1603 1885 1694 1932 suam
1716 1871 1902 1932 imitandam

268 1953 400 2013 militas.
1111 1950 1294 2026 proposuit,
1319 1949 1443 2025 dicens,
1466 1951 1576 2010 Matth.
1597 1948 1725 2019 11,as:
1747 1949 1902 2010 Discitcd

306 2031 395 2093 Unde
418 2031 448 2090 et
468 2026 735 2104 Philosophus‚in
755 2025 774 2085 1
796 2025 913 2102 Ethio,
934 2046 1004 2109 cap.
1018 2029 1056 2107 3,
1086 2065 1087 2070 κ
1111 2046 1166 2094 me,
1202 2029 1257 2088 uic
1270 2029 1354 2090 mitis
1367 2047 1433 2088 sum
1446 2027 1728 2094 erlrumiliscordc,·
1742 2029 1903 2108 etGrego-

267 2107 381 2190 pariam
396 2107 543 2186 aprino,
559 2124 632 2166 eum
650 2107 704 2182 qui
724 2105 824 2167 tendit
837 2106 870 2167 in
887 2124 989 2186 parva
1003 2127 1058 2170 se·
1110 2047 1270 2168 riusdliett
1282 2107 1313 2166 in
1329 2109 1467 2180 Pastor„
1482 2112 1564 2184 part.
1579 2107 1609 2180 3,
1624 2123 1695 2185 cap.
1707 2107 1736 2177 1,
1750 2107 1901 2169 admonit.

265 2186 510 2250 cundirmsuum
522 2184 1057 2266 modummicttnonessemagna·
1112 2182 1904 2264 18,pariamaprinc.,quddorpumentumredem-
2008 2193 2009 2232 l

266 2269 400 2341 nimum,
412 2267 465 2328 sed
477 2269 699 2342 temperatum,
716 2280 812 2341 quem
826 2282 886 2326 nos
903 2266 1056 2328 humilem
1105 2263 1725 2342 plionianostruinoeplorsthumifitus
1737 2265 1902 2346 Drilirgo
2008 2319 2009 2322 ,

266 2348 370 2409 dicere
387 2361 571 2424 possumus.
594 2344 634 2402 Et
647 2343 730 2403 inter
747 2343 828 2404 alias
843 2349 951 2422 partes
971 2353 1058 2406 tem·
1111 2342 1274 2404 humilitas
1294 2343 1418 2405 videtur
1435 2361 1505 2404 esse
1520 2343 1662 2404 maxima
1672 2345 1842 2405 virtutum.

264 2425 436 2505 perantiae,
450 2425 575 2486 ratione
595 2419 744 2499 superiirs
758 2419 853 2494 dictd,
871 2441 927 2500 qu.
946 2442 1055 2502 praec,
1143 2420 1202 2482 Sed
1214 2427 1325 2484 contra
1333 2422 1474 2500 estquod
1483 2423 1623 2483 charitas
1633 2421 1904 2500 preferturomni·

264 2509 326 2568 art.
337 2505 366 2576 1,
378 2503 629 2565 continetursuh
639 2499 806 2574 modestia,
821 2507 916 2578 prout
930 2503 1055 2564 Tullius
1110 2502 1170 2560 hus
1188 2501 1370 2573 virtutibus,
1383 2499 1557 2562 secundum
1571 2501 1650 2560 illud
1662 2500 1784 2562 Coloss.
1800 2502 1831 2572 3,
1847 2501 1899 2562 lt:

263 2583 303 2645 de
325 2582 364 2646 eal
384 2582 539 2660 loquitur,
563 2581 619 2640 lib.
640 2579 660 2637 2
680 2579 719 2640 de
739 2579 876 2652 invent,
896 2581 1055 2658 aliquant.
1110 2579 1212 2658 Super
1225 2578 1648 2640 omniocdoritotemhohete.
1667 2581 1828 2658 Nonergo
1842 2581 1902 2642 hu·

263 2669 337 2726 ante
352 2661 421 2733 lin,
440 2662 473 2721 in
490 2658 781 2736 quantumscilicot
794 2659 959 2722 humilitas
977 2661 1058 2722 nihil
1110 2659 1228 2724 militas
1246 2665 1295 2720 est
1309 2660 1452 2721 maxima
1469 2659 1635 2720 virtutum.

263 2741 409 2804 estaliud
423 2739 521 2817 quam
542 2737 689 2815 quaedam
711 2737 888 2798 moderatio
911 2738 1054 2818 spiritus.
1149 2736 1900 2814 Respondeodtomdumquodoonumhumaue

263 2820 351 2882 Unde
371 2819 387 2879 1
408 2820 474 2879 Pet.
488 2817 519 2890 3,
535 2814 566 2886 1,
582 2816 698 2876 dicitur
712 2835 720 2874 s
736 2817 779 2876 ln
799 2815 1058 2896 incorruptibili-
1110 2816 1237 2878 virtutis
1252 2817 1285 2876 in
1301 2817 1412 2877 ordine
1427 2817 1561 2877 rationis
1575 2817 1721 2877 consistit
1735 2837 1741 2874 :
1757 2817 1813 2894 qui
1830 2820 1901 2894 qui·

145 2971 147 2974 ,
264 2908 326 2959 tote
356 2897 432 2958 uicti
446 2904 475 2957 et
488 2895 639 2955 modestis
664 2893 770 2954 iritds.
1109 2894 1180 2956 dem
1203 2895 1423 2974 principaliter
1446 2895 1620 2956 attenditur
1643 2899 1790 2972 respectu
1813 2895 1899 2972 linis,

304 2917 354 3038 ld
371 2975 509 3053 primum
529 2989 605 3052 ergo
628 2912 796 3064 disemum
816 2971 902 3065 qnod
919 2973 1055 3038 virtutes
1108 2973 1194 3034 unde
1217 2975 1349 3035 virtutes
1374 2973 1574 3052 theologicas,
1603 2991 1674 3051 que
1690 2973 1808 3034 hahent
1823 2976 1901 3036 ulti-

261 3055 469 3133 theologicae,
489 3057 652 3130 quaesunt
672 3067 757 3113 circa
777 3051 926 3113 ultimum
944 3052 1053 3129 linem,
1110 3071 1198 3114 mum
1211 3053 1308 3112 linem
1323 3070 1380 3130 pro
1393 3053 1529 3131 objecto,
1547 3057 1621 3112 sunt
1637 3053 1827 3130 potissimae3
1844 3073 1900 3116 se-

261 3136 318 3214 qui
333 3140 382 3195 est
397 3133 533 3210 primum
549 3129 743 3222 principium
761 3131 795 3191 in
812 3133 1053 3210 appetibilibus,
1108 3130 1901 3209 cundaridautemattenditurproutsecundirmra-

163 3249 167 3256 -
262 3219 339 3275 sunt
352 3229 458 3274 causae
471 3209 769 3270 omniumaliarum
784 3209 952 3272 virtutum.
967 3211 1056 3274 Unde
1106 3209 1228 3271 tionem
1242 3209 1897 3287 finisordinantureaquaesuntadlinem.
2008 3263 2009 3282 ,

261 3289 1054 3369 exhor.quddhumilitascausaturerreverentid
1107 3288 1900 3366 Ethrecquidemordinatioessentialiterconsislit

260 3369 387 3442 divina,
411 3385 476 3429 non
505 3369 687 3430 excluditur
712 3369 792 3444 quin
818 3367 984 3430 humilitas
1014 3371 1055 3432 sit
1084 3368 1141 3427 in
1152 3368 1356 3446 ipsaratione
1366 3366 1546 3440 ordinante,
1558 3368 1897 3446 participativieautem
2008 3399 2009 3402 ¹

259 3467 335 3529 pars
349 3449 510 3510 modestia
524 3448 576 3508 vel
586 3447 815 3524 temperantiae.
1108 3451 1141 3506 in
1153 3447 1374 3525 ipsoappetilu
1385 3465 1444 3525 per
1454 3447 1612 3509 rationem
1622 3448 1770 3508 ordinato
1781 3469 1788 3506 :
1800 3466 1898 3527 quam

300 3527 345 3590 hd
359 3527 535 3590 secundum
549 3525 718 3587 dicendum
732 3525 819 3602 qudd
837 3530 946 3604 partes
963 3527 1054 3604 priu-
1107 3526 1235 3602 quidem
1245 3527 1480 3615 ordinationem
1490 3526 1798 3618 universaliterfacit
1809 3529 1899 3606 justi·

259 3608 417 3747 lll³¹i¹³¹¹⁸
432 3605 606 3746 latitia
619 3605 1054 3746 tlsltltttt‘dhtttlt:
1106 3603 1837 3746 lt*l'tttittfflllllhliltttwltllltt
1850 3605 1899 3744 ‘h'

259 3707 336 3841 riudn,l
347 3704 408 3827 1111
413 3703 598 3826 vseecundum
617 3704 877 3825 conscientiam
902 3763 936 3823 in
957 3764 1052 3824 modo
1105 3763 1280 3824 universali
1293 3750 1452 3841 quantiam
1463 3763 1504 3823 ad
1522 3703 1647 3834 dmnia3
1670 3763 1899 3840 quaelibetau·

257 3845 443 3917 formali,ut
453 3843 573 3904 dietum
586 3844 635 3902 est
651 3845 764 3919 quast.
778 3841 846 3915 137,
856 3847 917 3903 art.
926 3842 957 3914 2,
970 3843 1009 3905 ad
1021 3843 1051 3917 1,
1106 3846 1169 3903 tem
1188 3843 1253 3904 alla
1277 3842 1376 3903 virtus
1395 3839 1553 3918 quantum
1568 3840 1608 3901 ad
1626 3842 1771 3918 aliquam
1794 3847 1897 3905 mate-

259 3931 291 3986 et
305 3921 570 4001 quaest.157,art.
583 3921 614 3992 3,
626 3921 664 3981 ad
678 3921 709 3982 2.
722 3919 851 3993 Etided,
862 3919 936 3982 licet
946 3921 1051 3983 humi·
1105 3922 1185 3982 riam
1195 3917 1504 3999 specialemlltided
1515 3924 1587 3998 post
1598 3920 1731 3982 virtutes
1741 3920 1896 4000 theologi·
2008 3985 2009 3992 ,

258 4004 332 4064 litas
342 4003 383 4062 sit
398 4003 431 4061 in
446 3998 598 4060 irascibili
611 3999 693 4061 sicut
707 3999 739 4060 ln
748 3999 908 4079 subjecto,
921 4002 1053 4078 ponitur
1104 4015 1157 4061 cas
1174 4009 1204 4061 et
1223 4001 1354 4061 virtutes
1373 3999 1617 4070 intellectuales,
1633 4015 1705 4077 quae
1719 4001 1895 4078 respiciunt

258 4088 366 4143 tamen
379 4096 455 4158 pars
469 4071 678 4138 modestie'et
691 4078 907 4156 temperantiae
920 4089 1052 4158 pmpter
1104 4079 1207 4156 ipsam
1217 4081 1387 4152 rationem,
1403 4084 1435 4141 et
1448 4083 1521 4156 post
1532 4076 1703 4156 justitiam,
1717 4082 1894 4155 presertim

259 4159 401 4220 modum.
1103 4157 1562 4236 legalem,potiorcreteriscst
1577 4157 1753 4219 humilitas.

297 4238 345 4300 Ad
359 4239 490 4300 tertium
503 4234 672 4298 dicendum
682 4233 779 4313 quod,
795 4232 870 4297 licet
882 4237 1050 4316 magnarii·
1142 4236 1189 4296 Ad
1199 4238 1338 4314 primum
1352 4252 1428 4314 ergo
1447 4236 1617 4297 dicendum
1631 4235 1715 4314 quod
1731 4237 1894 4300 humilitas
2008 4281 2009 4332 q

257 4318 351 4411 milas
372 4323 404 4378 et
427 4316 593 4408 humilitas
621 4315 653 4375 in
676 4313 812 4408 materia
837 4317 1047 4407 conveniant,
1099 4315 1497 4454 {Justitire‘non‘praefortun
1512 4315 1764 4454 111Ᾱ111111ωου1
1778 4335 1896 4409 super-

256 4397 408 4460 drfferunt
421 4402 527 4459 mmon
544 4413 576 4454 rn
591 4393 703 4465 modo,
726 4399 850 4457 ratione
863 4413 955 4475 cujus
977 4413 1049 4459 ma·
1124 4412 1155 4457 ra
1169 4401 1386 4474 conjungitur,
1400 4410 1472 4473 que
1481 4411 1550 4474 jam
1583 4401 1760 4456 esrnrtesse
1774 4402 1893 4472 virtues

256 4476 451 4558 gnanimitas
467 4475 598 4553 ponitur
611 4490 686 4551 pars
705 4472 920 4550 fortitudinis,
943 4475 1049 4536 humi·
1101 4474 1184 4535 sicut
1199 4473 1392 4536 econtrario
1410 4479 1576 4552 peccatum
1600 4492 1657 4552 per
1680 4473 1893 4538 humilitatem
2008 4541 2009 4564 ¹

254 4557 327 4618 litas
343 4561 451 4617 autem
465 4571 540 4632 pars
554 4552 783 4631 temperantiae.
970 4578 979 4586 ·
1101 4554 1285 4615 remittitur.
1297 4553 1376 4614 Nam
1391 4552 1428 4614 de
1442 4553 1614 4631 publicano
1624 4553 1740 4615 dicitur
1751 4555 1830 4616 Luc.
1843 4557 1893 4624 18,

256 4637 436 4698 Anrrcorus
458 4652 489 4695 v.
508 4667 546 4678 -
565 4631 681 4695 aarum
704 4631 865 4694 humilitas
885 4632 928 4693 sit
946 4635 1048 4712 potis-
1101 4630 1150 4706 11,
1167 4633 1253 4710 quod
1269 4633 1384 4694 merito
1398 4631 1586 4694 humilitatis
1602 4633 1759 4694 descendit
1767 4633 1896 4714 justifi-

294 4716 373 4776 simo
398 4715 561 4775 virtutum.
578 4745 617 4756 -
632 4709 681 4792 (1,
709 4711 783 4773 dist.
805 4710 862 4784 33,
887 4721 993 4790 quast.
1014 4713 1046 4787 3,
1101 4721 1188 4772 eolus
1206 4712 1240 4773 irs
1255 4711 1377 4772 domum
1387 4730 1484 4772 suam.
1500 4711 1588 4773 Unde
1599 4718 1630 4774 et
1643 4711 1892 4851 Chrgsostomus

294 4801 356 4856 art.
370 4793 401 4864 3,
418 4793 458 4854 od
470 4791 515 4866 o.)
1099 4791 1186 4863 dicit,
1200 4791 1272 4852 loco
1289 4793 1342 4851 cit.
1357 4791 1389 4851 iu
1406 4809 1474 4871 arg.
1491 4811 1499 4850 ε
1515 4791 1693 4852 «Geminas

293 4874 339 4936 lld
354 4868 758 4951 quintumsicproceditur.
773 4869 947 4931 l.Vidrtnr
961 4869 1046 4948 qudd
1101 4870 1367 4942 «accommodem
1383 4871 1517 4932 alteram
1535 4870 1663 4947 quidem
1683 4887 1722 4932 su
1747 4872 1844 4932 erhiae
1860 4877 1895 4934 et

252 4953 418 5016 humilitas
439 4951 480 5012 sit
498 4951 666 5029 potissima
685 4949 848 5010 virtutum.
864 4951 947 5010 Dicit
961 4951 1046 5011 enim
1101 4973 1115 5007 a
1125 4949 1268 5030 justitiae,
1285 4951 1421 5012 alteram
1436 4948 1512 5010 vero
1530 4950 1649 5027 peceati
1669 4955 1701 5010 et
1724 4891 1744 5010 11

1730 4791 1799 4870 igas
1815 4794 1892 4853 nrilsi
2008 4851 2009 4854 ,

1746 4952 1896 5012 umilila-
2008 4971 2009 4996 t

253 5033 501 5112 chrysostomus
518 5029 650 5107 (implic.
667 5027 752 5088 hom.
767 5027 786 5088 5
801 5029 838 5088 de
857 5029 1046 5108 incompre-
1100 5030 1166 5090 «tis
1183 5050 1191 5090 :
1206 5036 1237 5090 et
1258 5029 1377 5090 videbis
1399 5035 1566 5106 peccatum
1583 5035 1778 5107 praevertens
1790 5029 1895 5109 justi·
2008 5071 2009 5078 .

252 5112 403 5175 hensihili
425 5109 482 5170 Del
507 5107 639 5181 Natural,
661 5105 760 5186 prope
775 5107 857 5188 tin),
879 5126 1044 5186 exponens
1100 5109 1204 5170 «tiam
1219 5126 1283 5170 non
1297 5108 1457 5187 propriis,
1481 5109 1537 5169 sed
1557 5108 1746 5170 humilitatis
1764 5111 1894 5172 vincere

251 5190 330 5253 illud
354 5189 440 5269 quod
464 5187 580 5250 dicitur
598 5188 691 5248 Lucre
713 5186 751 5246 18
772 5186 810 5247 de
830 5187 990 5265 pharisaeo
1014 5194 1046 5249 et
1100 5189 1248 5250 «viribus
1267 5209 1273 5247 :
1290 5189 1375 5248 aliud
1401 5187 1475 5249 vero
1499 5205 1559 5265 par
1583 5187 1704 5249 videbis
1729 5188 1892 5250 devictum

251 5271 447 5350 publicano,
472 5267 558 5348 qudd
578 5269 606 5328 si
626 5267 726 5327 mista
746 5266 868 5329 delictis
887 5267 1044 5329 hrnnilitns
1099 5285 1190 5328 «non
1205 5267 1375 5346 fragilitate
1387 5267 1534 5347 justitiae,
1551 5267 1605 5328 sed
1620 5269 1706 5328 mole
1718 5273 1749 5329 et
1764 5273 1892 5329 tumore

252 5363 314 5412 tom
327 5349 420 5432 sorite*
434 5349 546 5416 currit,
567 5355 602 5408 ut
622 5347 778 5426 justitiam
796 5345 946 5422 superbire
962 5367 1045 5407 con-
1100 5349 1328 5424 ssuperhiae.»

244 5431 391 5513 junctam
405 5435 552 5495 transeat.
569 5428 597 5488 si
607 5425 956 5506 jusrirtrecoojmmrts
967 5445 1042 5495 eom,
1137 5429 1184 5488 Ad
1199 5427 1375 5490 secundum
1389 5426 1559 5488 dicendum
1583 5425 1669 5504 qudd
1693 5427 1778 5488 sicut
1800 5426 1892 5488 ordi-

249 5510 311 5592 qud
324 5507 479 5571 ponitis?
491 5507 618 5570 desistet
638 5507 700 5584 ipsi
721 5503 873 5565 tribunali
887 5503 995 5566 divino
1010 5507 1045 5567 irs
1097 5513 1174 5568 nata
1190 5507 1343 5568 virtutum
1358 5506 1566 5586 congregatio
1582 5524 1638 5584 per
1652 5506 1826 5584 quamdam
1846 5507 1892 5568 si·

249 5588 348 5650 medio
363 5587 555 5667 eupatorem.
567 5587 607 5647 Et
623 5587 669 5647 sic
683 5587 769 5663 patet
778 5583 864 5662 quod
879 5583 1042 5647 humilitas
1097 5586 1309 5648 militudinem
1332 5585 1471 5648 edificio·
1486 5591 1704 5664 comparatur,
1726 5585 1773 5647 ita
1792 5585 1890 5646 etiam

250 5667 420 5742 prefertur
429 5666 571 5746 justitiae.
587 5663 646 5726 Sed
661 5663 784 5746 justitia
801 5668 849 5725 ost
866 5665 1043 5741 praeclaris·
1096 5665 1175 5726 illud
1187 5665 1274 5745 quod
1287 5671 1336 5726 est
1351 5669 1491 5744 primum
1505 5666 1537 5725 in
1554 5665 1768 5743 acquisitione
1783 5665 1890 5726 virtu—

252 5747 334 5807 slma
358 5745 504 5807 omnium
528 5745 702 5828 virtutum,
727 5747 759 5804 et
786 5742 920 5803 includit
945 5743 978 5803 in
1008 5763 1042 5806 se
1095 5753 1175 5818 tum,
1190 5745 1397 5806 fundamento
1411 5749 1629 5822 comparatur,
1647 5745 1733 5822 quod
1747 5745 1888 5822 primum

251 5839 363 5884 omnes
385 5823 531 5894 virtutes,
554 5827 589 5882 ut
600 5826 686 5898 patet
695 5840 752 5898 per
766 5820 1043 5899 Philosophum,5
1097 5825 1130 5885 in
1156 5825 1287 5886 aedilicio
1308 5824 1434 5901 jacitur.
1456 5824 1599 5887 Virtutes
1615 5829 1722 5885 autem
1740 5823 1815 5885 vers
1837 5823 1890 5884 in-
