4056 6340
124 335 194 396 ross
613 331 748 404 51551.
767 333 856 392 cuv.
876 329 1106 396 nnsoxonm
1125 333 1303 398 11511515.
1692 349 1762 410 roso
1889 295 1912 334 ”

122 451 267 529 aliquam
290 445 543 523 determitatem,
569 463 635 510 nou
663 447 831 510 constituit
855 449 915 512 ali·
928 453 1221 540 „'portuuitatem‚
1247 459 1316 518 tum
1344 455 1441 519 etiam
1465 461 1598 540 propter
1625 463 1761 528 nimium

121 547 223 672 guam
236 527 479 590 determinatam
494 527 633 606 speciem
646 527 726 590 vitii.
744 527 804 590 Sed
821 531 950 592 acce-⁵:¹
968 531 1117 594 ardorem
1137 534 1278 610 amoris,
1294 537 1330 596 ut
1344 531 1464 598 dictum
1481 544 1529 601 est
1547 539 1580 602 in
1594 553 1682 623 corp'.
1698 549 1759 608 art.

143 628 197 672 515
222 607 262 670 ad
283 610 542 688 consanguineas
564 607 616 671 vel
631 605 762 684 aiiines,
785 613 917 672 nonest
936 653 939 664 ,
967 609 1356 677 Etidcdautonomasticd
1372 615 1495 680 abusus
1513 620 1628 683 talium
1641 640 1761 702 perso-

113 685 299 755 ·secunddm
323 705 359 750 se
377 686 536 762 deiorme3
552 685 633 750 alias
656 688 748 749 nullo
771 691 916 768 tempore
932 693 942 717 ·’
969 707 1087 753 narum
1102 697 1238 756 vocatur
1251 694 1400 757 11555155.

121 768 277 833 licuisset.
292 767 378 848 Ergo
400 766 540 830 incestus
560 785 625 830 non
640 769 690 830 cst
701 767 915 834 determinata
938 779 941 791 '¹
1007 770 1056 832 Ad
1072 772 1247 836 secuudum
1266 773 1436 837 dicendum
1449 779 1536 857 qudd
1552 797 1692 862 persona
1707 784 1760 848 ai—

22 898 27 906 .
120 847 409 930 speciesluxuria.
594 927 600 942 .
754 927 760 942 υ
967 849 1040 912 linis
1072 852 1280 946 coniungitur
1307 855 1405 918 alicui
1430 863 1563 938 prepter
1585 879 1759 940 personam

161 928 221 992 Sed
230 931 342 990 contra
354 930 403 990 est
437 926 501 990 udd
515 945 638 1006 spectes
651 927 914 992 luxurraedistin-
967 933 1247 1012 consangumitate
1272 935 1476 1016 conjunctam
1504 959 1512 996 ε
1533 942 1565 1001 51
1589 941 1660 1004 ided
1680 946 1760 1023 quia

120 1012 267 1092 guuntur
301 1005 421 1070 secund
510 1007 706 1070 conditiones
740 1008 914 1071 mulierum
965 1025 1070 1071 unum
1084 1015 1133 1072 est
1148 1017 1279 1092 propter
1293 1015 1448 1092 alterum,
1465 1017 1608 1097 eiusdem
1624 1023 1759 1086 rationis

120 1090 241 1170 quibus
257 1087 358 1168 aliqui
374 1088 562 1164 abutuntur.
581 1087 641 1150 Sed
656 1088 689 1148 in
707 1089 831 1150 incestu
851 1089 915 1150 im·
966 1087 1258 1156 inconvenientiam
1274 1092 1349 1156 lacit
1362 1098 1626 1176 consanguinitas
1641 1106 1673 1163 51
1688 1101 1762 1166 aiii-

121 1172 271 1250 portatur
292 1167 440 1246 specialis
461 1167 600 1234 conditio
619 1167 809 1241 mulierum,
834 1169 914 1247 quia
966 1173 1062 1233 nitas.

120 1253 171 1312 est
191 1249 313 1310 abusus
335 1248 650 1328 consanguinearum
670 1247 722 1310 vel
745 1246 911 1322 affinium,
1005 1249 1188 1312 hdtertium
1199 1251 1367 1316 dicendum
1380 1255 1466 1334 qubd
1479 1257 1512 1317 in
1532 1261 1761 1325 commixtione

122 1333 158 1390 ut
171 1327 290 1389 dictum
303 1329 364 1402 551,
379 1327 413 1389 15
427 1343 496 1407 arg.
512 1327 543 1399 2,
559 1331 591 1388 et
606 1331 667 1389 art.
682 1327 698 1388 1
715 1327 782 1407 huj.
798 1333 911 1406 quast.
965 1346 1178 1407 personarum
1200 1332 1444 1414 conjunctarum
1472 1336 1594 1418 aliquid
1608 1345 1657 1402 est
1674 1343 1761 1421 quod

122 1406 911 1549 Erlgoincestusestdetcrminataspeciesluxuries.
966 1413 1013 1470 est
1027 1407 1203 1474 secundirm
1216 1431 1250 1474 se
1270 1412 1419 1476 indecens
1437 1419 1469 1476 et
1490 1435 1674 1498 repugnans
1698 1438 1762 1485 na-

188 1486 350 1566 espondeo
372 1486 540 1548 dicendum
561 1486 663 1564 qudd,
687 1487 770 1549 sicut
791 1487 913 1549 dictum
964 1490 1062 1551 turali
1077 1491 1211 1564 rationis
1225 1492 1308 1554 sicut
1317 1493 1402 1571 qudd
1412 1496 1597 1559 commixtio
1607 1498 1663 1562 ilat
1676 1501 1761 1562 iuter

123 1571 185 1642 est,
204 1570 264 1630 art.
282 1567 298 1628 1
321 1567 387 1628 516
409 1565 477 1646 huj.
501 1572 626 1645 quaest,
647 1567 692 1626 ibi
714 1583 844 1628 necesse
865 1571 913 1630 est
964 1573 1113 1647 parentes
1127 1570 1267 1647 51111155,
1287 1589 1426 1651 quorum
1443 1577 1492 1636 est
1514 1594 1572 1655 per
1595 1595 1630 1639 se
1646 1583 1677 1640 51
1692 1583 1761 1641 im-

120 1648 260 1710 inveuiri
275 1645 519 1708 determinatam
533 1646 839 1724 5555151515151115,
855 1647 912 1708 ubi
964 1649 1102 1722 mediata
1117 1651 1264 1731 cognatio
1277 1671 1285 1710 5
1298 1668 1371 1712 nam
1382 1651 1439 1713 filii
1452 1657 1641 1718 naturaliter
1651 1658 1757 1720 hono-

98 1727 286 1806 Ι15151ιί1111
302 1725 423 1805 aliquid
444 1741 629 1806 repugnans
644 1727 720 1787 usui
739 1726 845 1788 debito
858 1745 913 1788 ve·
964 1745 1032 1787 rem
1062 1728 1179 1790 debent
1204 1731 1403 1810 parentibus.
1429 1731 1518 1794 Unde
1546 1734 1759 1830 Philosophus

121 1825 317 1870 ncrcorum:
335 1807 367 1867 in
383 1824 446 1868 usu
465 1811 574 1867 autem
594 1806 912 1886 consanguinearum
964 1806 1040 1867 dicit
1054 1807 1087 1868 in
1100 1809 1119 1868 9
1132 1807 1170 1870 de
1185 1809 1337 1883 Animal,
1358 1825 1428 1890 cap.
1445 1808 1496 1888 lt'i,
1520 1813 1606 1891 qudd
1629 1816 1759 1894 quidam

120 1888 173 1949 vel
198 1886 344 1950 affinium
365 1885 530 1948 invenitur
550 1885 670 1963 aliquid
696 1887 912 1966 incongruum
964 1902 1080 1964 equus,
1095 1887 1332 1967 quiadeceptus
1348 1889 1560 1954 luitutmatri
1575 1895 1760 1958 commisce·

121 1965 341 2029 commixtioni
359 1982 504 2029 venereas
514 1965 629 2044 triplici
640 1964 765 2028 rationo
782 1985 789 2025 :
807 1965 912 2043 primo
964 1970 1065 2040 retur,
1086 1967 1228 2046 seipsum
1251 1969 1461 2048 precipitavit
1481 1971 1576 2064 quasi
1596 1989 1661 2051 pras
1681 1974 1761 2036 hor-

119 2047 263 2186 351155,
280 2045 357 2124 quia
373 2045 563 2107 naturaliter
575 2044 672 2104 homo
686 2044 778 2106 debet
790 2061 912 2122 quam-
963 2060 1054 2119 rore,
1076 2045 1114 2107 ed
1136 2045 1222 2125 qudd
1250 2047 1345 2110 etiam
1371 2049 1565 2114 animalibus
1595 2053 1759 2132 aliquibus

142 2143 195 2188 am
212 2123 489 2187 honorificentiam
503 2125 704 2202 parentibus,
719 2127 750 2184 51
764 2142 821 2202 per
836 2140 912 2184 con·
963 2123 1048 2186 inest
1065 2125 1221 2188 naturalis
1237 2128 1417 2190 reverantia
1435 2128 1476 2190 ad
1500 2135 1662 2207 parentes.
1681 2133 1760 2197 Alte

121 2223 264 2283 sequens
277 2204 348 2267 aliis
362 2205 631 2284 consanguineis,
646 2203 701 2282 qui
727 2220 769 2266 ex
792 2202 911 2265 eisdem
963 2203 1040 2265 verb
1054 2220 1200 2282 personae
1213 2223 1286 2284 quae
1301 2223 1365 2266 non
1380 2206 1621 2288 conjunguntur
1635 2229 1758 2274 secun-

7 2291 8 2352 ]
119 2284 310 2379 parentibus
325 2285 363 2346 de
377 2284 561 2363 propinquo
583 2283 740 2362 originem
755 2282 910 2358 trahunt3
963 2280 1039 2343 drlm
1054 2284 1192 2364 seipsas,
1208 2283 1263 2346 scd
1276 2303 1335 2364 per
1358 2286 1504 2348 ordinem
1526 2289 1566 2351 ad
1588 2295 1758 2369 parentes,

7 2431 8 2448 ¹
120 2383 156 2426 ι5
170 2368 294 2428 tantum
309 2363 396 2442 qudd
410 2363 495 2443 apud
512 2363 662 2442 antiquos
676 2407 684 2438 ,
699 2367 736 2423 ut
749 2363 910 2426 Maximus
963 2379 1029 2423 uon
1045 2363 1165 2427 habent
1188 2365 1232 2427 ita
1253 2381 1295 2426 ex
1311 2366 1425 2446 seipsis
1449 2365 1678 2442 indecentiam3
1704 2371 1760 2434 sed

7 2453 8 2458 ’
123 2442 271 2507 Valerius
288 2443 397 2516 151511,
412 2444 467 2505 lib.
481 2443 516 2516 2,
531 2459 602 2521 cap.
618 2443 655 2517 1,
669 2461 702 2503 n.
716 2443 747 2517 7,
764 2448 912 2504 uenerat
962 2442 1109 2506 variatur
1123 2444 1209 2508 circa
1223 2444 1285 2506 hoc
1298 2444 1443 2510 decentia
1456 2446 1507 2508 vel
1520 2446 1699 2511 indecentia
1710 2469 1760 2512 se·

7 2515 8 2540 ¹
119 2523 168 2588 ias
189 2524 290 2588 tilium
304 2523 400 2585 simul
415 2541 488 2584 curn
501 2525 592 2601 patre
607 2523 770 2598 balneari,
784 2541 825 2584 ne
847 2523 912 2584 sci·
963 2520 1104 2584 cunddm
1126 2524 1391 2588 cousuetudinem
1407 2528 1439 2587 et
1457 2525 1560 2606 legem
1583 2525 1758 2591 humanam

118 2605 195 2666 licet
207 2623 242 2666 se
258 2604 395 2666 invicem
409 2603 512 2664 nudos
527 2602 761 2681 conspicerent.
777 2602 907 2664 hlaniie⁴
963 2602 1016 2664 vcl
1028 2600 1182 2678 divinam,
1193 2603 1282 2684 quia,
1297 2613 1334 2666 nt
1354 2604 1474 2666 dictum
1499 2609 1547 2666 est
1565 2609 1625 2668 art.
1648 2607 1668 2666 2
1688 2607 1757 2688 huj.

7 2673 9 2706 ³
120 2689 206 2746 stum
220 2688 269 2746 est
281 2688 388 2745 autern
402 2679 577 2744 secundnm
592 2681 753 2760 praedicta,
768 2699 823 2760 qu.
841 2680 910 2757 its,
963 2687 1090 2760 quaest,
1106 2701 1187 2745 usus
1202 2701 1425 2758 venereorum‚
1444 2685 1521 2763 quia
1537 2684 1705 2748 ordinatur
1719 2687 1758 2750 ad

7 2831 9 2844 ,
119 2769 182 2828 art.
196 2760 227 2837 d,
241 2768 338 2842 etqu.
357 2761 425 2834 151,
437 2767 498 2824 art.
513 2761 543 2834 11,
560 2759 645 2840 qubd
663 2762 696 2822 in
710 2761 833 2823 actibus
850 2780 912 2823 ve·
963 2761 1083 2822 bonum
1094 2779 1276 2836 commune,
1289 2763 1434 2844 subjacet
1445 2764 1520 2844 legi.
1532 2765 1571 2825 Et
1583 2763 1665 2838 idad,
1677 2766 1760 2828 sicut

7 2857 9 2868 ·
114 2843 227 2906 ‘nereis
250 2841 389 2906 maxime
416 2841 561 2904 consistit
579 2841 725 2919 quaedam
746 2845 799 2900 tur
823 2840 911 2902 itudo
963 2841 1162 2921 Augustinus
1174 2841 1612 2918 dicitinlhdeCivitateDei‚
1624 2861 1693 2924 cap.
1708 2846 1757 2921 16,

7 2919 9 3000 f
119 2920 372 2986 honorificentiae
388 2922 549 2984 contraria
566 2941 573 2978 :
592 2919 675 2981 unde
687 2921 725 2981 de
740 2859 911 2982 hismomi-
963 2919 1047 2982 circa
1063 2922 1185 3000 princ,
1209 2922 1389 2984 commixtio
1415 2940 1560 2985 sororum
1578 2931 1607 2984 et
1626 2925 1761 3003 [rutrum

10 3069 15 3076 ,
120 3021 179 3066 555
192 3002 461 3066 verecundantur.
478 3001 518 3061 Et
539 2999 610 3062 ideb
625 3000 842 3080 incongruum
863 3005 913 3063 est
962 3001 1078 3080 quanto
1092 3001 1156 3082 1511
1167 3003 1340 3084 antiquior,
1355 3003 1555 3082 compeliente
1569 3005 1758 3075 necessitate,

6 3101 9 3112 ·
120 3083 209 3163 qudd
233 3082 306 3145 talis
332 3081 517 3145 commixtio
548 3097 686 3144 venerea
713 3081 769 3142 ilat
795 3081 911 3142 talium
964 3081 1052 3141 tanti
1057 3091 1173 3221 ὁ155155
1189 3084 1274 3162 [acta
1293 3089 1337 3144 cst
1360 3081 1586 3152 damnabilior,
1608 3083 1762 3163 reiigione

121 3179 337 3244 personarum
349 3161 390 3224 ad
403 3160 551 3222 invicem.
566 3161 605 3221 lit
621 3160 689 3222 haec
705 3177 803 3224 causa
819 3160 912 3222 vide·
957 3160 1055 3240 probi
1076 3169 1154 3222 ente.

6 3241 8 3264 ⁵
119 3247 176 3306 tur
189 3242 327 3323 exprimi
341 3241 442 3303 Levit.
462 3239 511 3315 18,
525 3240 555 3313 i,
574 3239 629 3300 ubi
645 3239 762 3302 dicitur
772 3260 790 3296 r
805 3241 913 3302 Mater
963 3242 1144 3302 demensus
1156 3255 1190 3302 x.
1203 3275 1240 3286 -
1250 3242 1279 3304 U
1281 3241 1362 3302 inim
1374 3241 1571 3320 sacrilegium
1583 3243 1686 3322 possit
1698 3263 1760 3306 esse

6 3319 9 3356 ³
122 3329 179 3384 tuo
198 3331 242 3385 est
260 3339 351 3384 :aea
365 3318 513 3382 revelabis
528 3319 755 3399 turpitudinem
778 3319 855 3401 ejas.
873 3319 912 3383 Et
1003 3321 1117 3400 species
1142 3321 1341 3382 luserim-
1359 3319 1476 3402 (Sap,
1505 3328 1565 3382 ort.
1597 3322 1632 3396 1,
1658 3322 1699 3384 od
1721 3324 1756 3398 3,

6 3409 10 3422 “
121 3402 206 3466 idem
229 3406 341 3482 postca
360 3401 476 3484 dicitnr
496 3398 530 3460 in
552 3397 636 3460 aliis.
659 3399 805 3462 Secunda
828 3399 912 3463 ratio
1004 3398 1381 3481 ert,dtst.t1‚quoesr.
1408 3398 1757 3481 1551155515,

121 3487 181 3558 551,
197 3483 275 3563 quia
293 3496 447 3560 personas
463 3480 621 3571 sanguine
646 3479 833 3559 coniunctas
848 3497 913 3540 ne-
1003 3478 1044 3540 ed
1057 3480 1088 3538 ³1.
1106 3478 1116 3561 l

6 3561 8 3602 ³
122 3579 212 3626 cesse
226 3567 275 3625 cst
288 3561 329 3624 ad
347 3559 485 3622 invicem
497 3559 593 3620 srmul
609 3559 807 3622 conversari.
824 3558 912 3621 Unde
1004 3558 1050 3619 hd
1063 3559 1220 3620 decimum
1231 3561 1276 3622 sic
1285 3559 1480 3638 proceditur.
1493 3559 1666 3622 i.Videtur
1674 3561 1759 3639 qudd

121 3644 150 3704 si
170 3643 316 3705 homines
337 3655 403 3704 non
427 3641 615 3702 arcerentur
640 3636 661 3701 d
684 3639 912 3700 commixtione
964 3638 1170 3718 sacrilegium
1195 3656 1261 3700 non
1291 3639 1393 3718 possit
1419 3656 1490 3702 csse
1513 3642 1634 3719 species
1652 3641 1758 3704 luxu-

122 3721 272 3797 vonered‚
287 3719 388 3785 nimia
408 3718 633 3798 opportunitas
651 3717 781 3781 daretur
801 3718 913 3780 homi·
963 3717 1030 3780 rim.
1053 3717 1172 3780 Eadem
1189 3719 1275 3780 enim
1289 3717 1411 3798 species
1432 3736 1497 3780 nou
1518 3719 1682 3782 invenitur
1698 3723 1758 3784 sub

122 3803 218 3864 nibus
244 3817 390 3866 venerea
411 3797 666 3874 commixtionis;
692 3801 723 3859 et
744 3799 791 3860 sic
811 3798 912 3860 animi
964 3796 1099 3860 diversis
1122 3799 1293 3878 generibus
1314 3816 1381 3860 non
1402 3800 1647 3861 subalternatim
1666 3802 1761 3879 posi-

121 3881 290 3958 hominum
301 3880 396 3942 nimis
408 3879 651 3941 emollescerent
666 3895 722 3955 per
733 3877 910 3940 luxuriam.
964 3878 1016 3939 tis.
1032 3875 1091 3939 Sed
1106 3878 1310 3957 sacrilegium
1330 3880 1379 3940 est
1396 3877 1759 3959 species-irreligiosita-

6 3973 9 3990 “
121 3961 163 4022 Et
174 3959 245 4023 idod
261 3960 294 4020 in
306 3960 408 4022 veteri
427 3959 498 4039 lege
517 3957 580 4019 ille
594 3975 740 4037 personae
765 3958 912 4038 speciali·
964 3956 1315 4036 tis‚utsupradictum
1340 3961 1404 4033 est,
1430 3962 1543 4037 quaest.
1565 3959 1621 4033 oo,
1644 3963 1704 4022 art.
1728 3961 1757 4022 1.

6 4055 8 4064 ’
121 4039 519 4118 tervidcuturprobibitm
536 4053 701 4116 essequas
720 4041 912 4100 necesseest
963 4037 1049 4117 Ergo
1066 4036 1278 4130 'sacrilegium
1305 4054 1373 4099 non
1400 4040 1506 4117 potest
1533 4037 1611 4120 poni
1637 4039 1759 4118 species

6 4132 9 4142 '
122 4121 218 4184 simul
233 4120 437 4184 commorari.
453 4119 562 4180 'sertia
583 4118 666 4180 ratio
683 4122 731 4180 est
740 4162 749 4193 ,
763 4118 841 4197 quia
855 4136 913 4196 per
963 4117 1112 4178 luxuriae.

121 4200 184 4262 boc
221 4199 430 4280 impediretur
461 4197 686 4278 multiplicatio
721 4199 910 4261 amicorum.
1003 4195 1605 4277 5515151555555151.35151
1632 4195 1685 4278 (in
1703 4215 1760 4282 ap-

6 4293 9 4306 ·
120 4277 204 4342 Dina
218 4281 303 4343 enim
321 4280 416 4342 homo
429 4296 566 4341 uxorem
579 4283 768 4341 extraneam
784 4278 910 4357 accipit,
964 4276 1097 4356 pendice
1112 4276 1200 4338 Grai.
1216 4276 1257 4339 ad
1270 4293 1341 4372 cap.
1357 4277 1424 4339 Lea
1443 4276 1533 4356 illo),
1554 4277 1759 4359 sacrilegium

7 4375 8 4388 ¹
95 4394 107 4456 q
118 4359 301 4442 junguntur
314 4360 344 4422 ei
366 4359 506 4438 quddam
525 4358 655 4438 speciali
680 4357 821 4421 amicitiai
845 4377 912 4419 om·
963 4373 1030 4418 non
1044 4357 1176 4436 ponitur
1187 4356 1271 4418 inter
1281 4357 1346 4418 alra
1362 4373 1435 4434 quae
1456 4360 1623 4435 ponuntur
1637 4360 1759 4436 species

6 4455 10 4494 t
93 4455 179 4520 pnes
196 4440 429 4532 consanguinei
444 4439 569 4510 uxoris,
588 4454 626 4500 ac
648 4437 674 4499 si
699 4443 806 4500 555551
828 4454 913 4499 555-
963 4435 1114 4499 luxurie.
1128 4437 1212 4516 Ergo
1227 4434 1354 4498 videtur
1365 4434 1452 4514 qudd
1470 4452 1534 4496 non
1556 4435 1597 4498 sit
1620 4437 1759 4502 luxuria

96 4525 108 4610 ἃ,
121 4521 292 4602 sanguinei
307 4537 388 4600 epus.
405 4519 493 4580 Unde
507 4517 706 4597 Augustinus
723 4517 798 4578 dicit
816 4517 853 4579 15
873 4517 912 4579 de
964 4517 1099 4595 species.
1229 4513 1234 4523 “

6 4619 8 4644 2
105 4597 258 4665 =Civitate
280 4601 355 4670 Dei,
379 4615 450 4677 cap.
476 4596 526 4670 111,
551 4597 636 4658 eirca
659 4597 761 4674 princ.
780 4617 788 4656 :
806 4619 820 4654 1
840 4599 913 4660 lla-
1003 4596 1032 4655 3.
1046 4597 1219 4668 Praeterea,
1236 4595 1318 4656 sieut
1338 4611 1395 4674 per
1416 4593 1582 4658 luxuriam
1603 4598 1760 4692 contingit

105 4664 137 4738 'a
154 4681 220 4744 bita
237 4683 286 4742 est
300 4679 383 4740 ratio
403 4677 582 4739 rectissima
601 4675 783 4750 charitatis,
804 4680 841 4736 ut
855 4676 913 4736 ho·
963 4674 1086 4755 aliquid
1098 4675 1168 4735 heri
1182 4677 1295 4738 contra
1311 4675 1455 4753 aliquam
1473 4691 1694 4750 remeassem,
1713 4683 1758 4741 rta

121 4762 275 4832 emines,
291 4757 409 4836 quibus
433 4761 518 4819 esset
541 4755 629 4816 utilis
654 4759 751 4832 atque
776 4754 913 4819 honesta
965 4757 1061 4818 etiam
1073 4773 1133 4834 per
1145 4755 1210 4818 alia
1233 4754 1386 4816 vitiorum
1401 4772 1532 4835 genera.
1545 4753 1605 4818 Sed
1620 4757 1759 4819 sacrile-

124 4836 328 4902 «concordia
340 4881 348 4908 ‚
361 4835 562 4899 diversarum
577 4834 831 4896 vicissitudinum
842 4835 912 4896 vin·
964 4836 1052 4916 glum
1067 4853 1132 4896 non
1153 4833 1284 4912 ponitur
1306 4835 1426 4914 species
1450 4836 1533 4914 gulas
1549 4839 1606 4897 aut
1624 4836 1757 4898 alterius

6 4943 9 4954 =
122 4942 137 4979 a
155 4918 235 4982 culis
251 4922 466 4991 necterentur,
484 4933 542 4978 nec
555 4931 640 4977 nnus
658 4915 692 4976 in
710 4913 777 4978 und
794 4916 911 4978 multas
964 4915 1101 4996 alicujus
1119 4914 1302 4994 hujusmodi
1316 4915 1491 4994 vitiillrgo
1506 4915 1602 4978 etiam
1617 4933 1682 4977 non
1696 4916 1758 4978 de-

6 5023 8 5058 t
121 5000 299 5072 «haberet,
319 4997 375 5059 sed
387 4997 523 5078 singulae
541 4997 771 5076 spargerentur
792 4993 826 5056 in
846 4995 912 5056 sin·
964 4995 1018 5056 bet
1031 4994 1107 5073 poni
1131 4995 1252 5073 species
1267 4993 1417 5056 luxuria.

122 5080 260 5159 «gulos.
280 5099 295 5136 r
311 5077 405 5139 Addit
426 5081 533 5140 autem
553 5075 740 5137 Aristoteles
762 5077 912 5153 quartam
1004 5074 1063 5136 Sed
1081 5080 1192 5137 contra
1202 5080 1249 5136 est
1260 5073 1347 5153 qudd
1357 5074 1556 5155 Augustinus
1569 5073 1656 5149 dicit,
1673 5074 1711 5136 15
1719 5074 1759 5139 de

6 5193 8 5222 t
119 5159 279 5223 rationem
293 5158 325 5219 in
339 5158 360 5217 2
373 5158 477 5231 Polit.‚
489 5173 559 5235 cap.
570 5155 607 5228 2,
623 5155 707 5217 circa
724 5155 821 5230 med,
833 5155 912 5235 quia
964 5153 1032 5216 Cir.
1044 5154 1113 5229 Dei,
1129 5171 1199 5233 cap.
1212 5153 1262 5226 16,
1275 5151 1295 5218 d
1312 5153 1406 5229 med,
1421 5153 1548 5233 quodsi
1561 5155 1703 5234 iniquom
1716 5163 1761 5217 est

6 5277 8 5304 t
120 5237 399 5303 cdmnaturaliter
419 5237 516 5298 bomo
537 5235 812 5315 consanguineam
833 5235 913 5296 dili-
965 5233 1115 5296 aviditate
1123 5231 1309 5313 possidendi
1325 5233 1501 5326 transgredi
1516 5233 1644 5296 iimitem
1663 5251 1763 5313 agro-

6 5347 9 5388 r
120 5323 187 5400 gat,
198 5319 226 5380 si
238 5318 408 5381 adderetur
419 5333 521 5388 amor,
535 5315 592 5393 qui
604 5321 652 5377 est
662 5333 703 5376 ex
713 5314 912 5377 cornmixtio·
964 5331 1044 5382 rum,
1057 5313 1174 5394 quantd
1189 5322 1233 5374 est
1245 5313 1385 5394 iniquius
1395 5312 1525 5376 libidine
1535 5311 1761 5376 concumbendi

120 5398 321 5472 nevenered,
331 5399 421 5461 fieret
431 5395 548 5457 nimius
564 5392 660 5456 ardor
671 5395 790 5456 amoris
801 5399 832 5455 et
845 5411 912 5458 ma·
964 5391 1138 5455 sabvertere
1167 5393 1294 5455 limitem
1321 5391 1465 5454 morum?
1490 5390 1551 5453 Sed
1580 5393 1760 5472 transgredi

6 5506 12 5556 ,ι
120 5478 246 5541 ximum
266 5478 406 5541 libidinis
430 5473 643 5548 incentivum
668 5473 754 5552 quod
774 5473 911 5536 castitati
964 5473 1097 5535 limitem
1124 5489 1277 5554 agrorum
1301 5473 1336 5536 in
1356 5475 1452 5534 rebus
1473 5471 1573 5534 sacris
1587 5475 1637 5535 est
1648 5489 1761 5553 pecca·

6 5563 7 5570 ’
120 5563 291 5639 repugnat.
311 5559 397 5622 Unde
419 5553 624 5619 manifestum
645 5557 692 5615 est
713 5551 799 5632 quod
818 5553 913 5617 incc-
964 5558 1034 5616 tum
1049 5552 1220 5634 sacrilegii.
1237 5553 1323 5632 Ergo
1335 5551 1406 5645 pari
1426 5551 1552 5614 ratione
1573 5553 1761 5616 subvertere

6 5661 8 5710 t
121 5641 191 5703 stus
207 5643 257 5702 est
272 5638 484 5701 determinata
498 5634 637 5697 luxuriae
652 5633 786 5712 species.
964 5633 1099 5696 limitem
1117 5651 1244 5695 morum
1261 5631 1391 5693 libidine
1409 5633 1639 5695 concumbendi
1659 5631 1692 5693 in
1708 5649 1762 5696 re·

162 5717 210 5785 ld
234 5719 374 5798 primum
399 5735 475 5800 ergo
492 5713 662 5778 dicendum
683 5713 768 5792 qubd
789 5715 910 5777 abusus
965 5713 1026 5776 bus
1047 5713 1146 5777 sacris
1162 5711 1237 5775 iacit
1257 5709 1414 5789 sacrilegii
1437 5710 1561 5772 vitium.
1581 5711 1641 5774 Sed
1660 5711 1759 5776 libido

122 5798 368 5880 conjunctarum
389 5813 608 5878 personarum·
622 5791 761 5857 maxime
778 5793 913 5857 induce-
965 5793 1196 5857 concumbendi
1209 5791 1349 5934 pertinet
1362 5788 1401 5852 ad
1418 5789 1593 5856 luxuriam.
1609 5792 1758 5875 Ergosa·
1793 5795 1798 5804 '

120 5887 172 5948 ret
186 5879 401 5954 corruptelam
424 5877 596 5950 castitatis.
613 5880 680 5939 tum
696 5879 828 5956 propter
847 5891 912 5944 on-
927 5874 1133 5972 hcrilegium
1149 5875 1197 5935 est
1222 5869 1348 5934 555115
1367 5868 1500 5949 species.
1615 5941 1618 5950 ¹
