4080 6346
166 363 243 440 ¹ssa
714 353 850 425 oense.
869 351 960 413 nini.
979 351 1025 412 ou
1043 351 1300 414 innormans.
1742 391 1746 408 .
1780 359 1837 426 m
1962 299 1973 314 ’

190 487 241 550 est
263 479 370 580 solinu
392 477 479 545 circa
501 474 780 558 concupiscentias
801 472 993 538 delectatio-
1046 471 1292 552 temperantiam
1301 469 1658 554 principaliterquideui
1671 480 1840 562 etpropria

192 583 272 629 unm
285 565 403 628 tactus.
521 638 529 654 ‚
1046 553 1184 632 pertinet
1196 551 1355 615 moderari
1370 553 1645 633 concupiscentias
1656 557 1841 628 delectatio-

233 644 265 706 2.
279 645 458 717 Praeterea,
472 636 687 718 Philosophus
700 635 776 700 dicit
790 652 824 697 in
839 632 858 694 lc
873 631 992 708 uteie,
1048 649 1126 694 nuni
1147 631 1270 707 tactis,
1291 631 1483 696 secundario
1496 637 1605 698 auteur
1622 637 1703 702 alias
1717 659 1842 708 concn-

193 741 266 806 cap.
284 723 324 798 3,
348 723 424 786 circ.
446 720 565 802 princ,
582 716 669 797 qubd
683 716 737 779 ille
753 715 809 798 qui
826 721 870 775 est
882 713 994 793 parole
1047 712 1232 792 piscentias.

193 805 332 885 didam.
351 811 380 865 et
397 800 445 864 ἠὺ
470 799 635 882 didolficat
651 797 807 890 teipsum,
824 799 868 855 eit
885 801 996 872 tempe·
1085 791 1135 885 hd
1148 782 1323 856 secundum
1341 792 1511 857 dicendum
1524 793 1612 876 qudd
1626 798 1840 883 Philosophus
1860 779 1875 834 ³

193 894 302 954 retiis,
323 901 391 946 aori
410 888 512 943 auten
529 893 761 958 monuimus.
776 873 836 936 Sed
852 873 995 935 honores
1048 871 1092 934 ibi
1108 870 1204 933 refert
1222 889 1339 934 nomeu
1360 876 1580 954 temperantia
1594 876 1634 939 ad
1648 881 1842 946 moderatio·
1868 873 1871 880 ’

194 965 287 1046 parri
305 961 499 1056 estmagni,
517 959 556 1021 de
569 959 687 1037 quibus
700 957 744 1018 ibi
756 953 915 1033 loquitur,
929 969 995 1013 non
1050 969 1123 1014 nem
1138 952 1336 1014 exteriorum
1350 971 1477 1029 rerum,
1491 940 1567 1016 di‘im
1584 957 1705 1022 scilicet
1721 962 1841 1042 aliquis

194 1047 273 1109 suut
286 1041 490 1108 delectabiles
511 1033 687 1102 secundum
706 1039 828 1098 tactum
842 1077 850 1106 ,
865 1031 921 1095 sed
939 1049 998 1094 se-
1049 1030 1150 1094 tendit
1163 1031 1196 1093 iu
1210 1033 1320 1110 ainpua
1334 1033 1394 1094 sibi
1411 1043 1669 1102 commensurata
1683 1057 1769 1102 rnen
1783 1061 1842 1106 au.

195 1123 338 1188 cundilm
366 1119 657 1217 apprehensionem
691 1114 880 1191 animalem.
912 1111 997 1192 Ergo
1049 1113 1113 1174 teni
1124 1111 1372 1191 proutreiertur
1384 1113 1423 1176 ad
1436 1113 1842 1186 moderationemaileetio·

195 1208 410 1282 temperantia
438 1217 502 1262 non
526 1201 574 1260 est
595 1193 702 1260 soliim
722 1194 814 1257 circa
836 1193 998 1272 concupi·
1050 1191 1277 1268 admouimus,
1295 1209 1368 1270 qua
1384 1193 1522 1272 pertinet
1541 1194 1843 1266 advirtutemiom.

196 1283 336 1348 scentias
349 1280 599 1344 delectationum
616 1274 735 1340 tactiis.
1049 1271 1216 1349 perantia.

220 1363 267 1460 ‚3⁸
287 1365 460 1434 Praeterea,
482 1373 614 1452 eatque
632 1359 708 1418 sunt
731 1353 828 1416 unius
851 1350 998 1433 generis,
1091 1349 1140 1412 hd
1164 1351 1292 1412 tertium
1311 1351 1481 1414 dicendum
1501 1354 1587 1432 qubd
1615 1356 1842 1427 delectatione,

196 1439 464 1540 uidentureddem
475 1442 601 1501 ratione
610 1436 774 1518 pertinere
782 1433 821 1494 ad
829 1432 999 1494 materiam
1051 1430 1190 1492 aliorum
1204 1449 1360 1494 sensuum
1373 1433 1467 1494 aliter
1479 1451 1513 1496 se
1526 1433 1645 1498 habent
1659 1439 1692 1499 in
1706 1439 1845 1504 homini-

170 1524 339 1603 ·alicuius
368 1520 506 1584 virtutis.
539 1516 599 1579 Sed
630 1531 743 1577 omnes
770 1512 998 1574 delectationes
1052 1510 1131 1584 hus,
1157 1515 1188 1572 et
1212 1511 1306 1573 aliter
1326 1511 1359 1572 in
1385 1511 1457 1574 aliis
1482 1514 1687 1580 animalibus.
1710 1519 1747 1582 lu
1769 1521 1842 1586 aliis

198 1621 360 1668 sensnum
381 1601 531 1666 videntur
549 1613 621 1661 esse
640 1594 738 1656 unius
754 1593 893 1674 generis.
915 1592 999 1671 lingo
1052 1591 1137 1651 enim
1152 1591 1347 1654 animalibus
1369 1609 1411 1654 ex
1426 1591 1499 1653 aliis
1520 1595 1668 1659 sensibus
1686 1613 1751 1660 non
1766 1617 1844 1664 cau-

197 1685 284 1779 pari'
302 1681 428 1746 ratione
452 1677 615 1760 pertinent
633 1675 673 1738 ad
692 1672 861 1736 materiam
879 1675 1000 1750 tempe·
1052 1673 1166 1730 santur
1178 1669 1404 1734 delectationes
1419 1671 1481 1734 nisi
1496 1672 1530 1733 in
1547 1675 1657 1737 ordine
1671 1678 1709 1738 ad
1733 1681 1844 1744 sensi-

198 1768 324 1828 raetia.
620 1775 629 1798 ·
1052 1749 1130 1810 hilia
1143 1747 1267 1822 taetiis3
1285 1751 1368 1812 sicut
1388 1751 1439 1812 leo
1459 1750 1634 1816 delectatur
1646 1757 1759 1821 ‘videns
1775 1777 1845 1824 cer·

239 1841 270 1904 li.
289 1845 469 1915 Praeterea,
482 1837 708 1900 delectationes
722 1830 907 1913 spirituales
924 1831 1001 1891 sunt
1053 1841 1128 1889 tuni
1139 1829 1190 1891 iel
1202 1830 1335 1892 audiens
1351 1847 1464 1894 vocem
1477 1831 1565 1912 ejus,
1580 1839 1711 1914 propter
1723 1839 1828 1902 eibum

200 1923 340 2006 majores
357 1918 457 2002 qudni
471 1936 509 1982 co
550 1917 674 1989 orales,
688 1918 837 1990 utsupra
852 1909 999 1971 hahitnm
1051 1907 1156 1969 Homo
1171 1914 1278 1970 autem
1294 1909 1471 1972 delectatur
1486 1914 1660 1974 seeundum
1673 1916 1754 1981 alios
1771 1884 1845 1983 sen:

201 1989 999 2080 est‚1-a‚quest.3,ari.5‚eumdopassioni-
1052 2005 1125 2060 sus,
1144 1985 1538 2068 uonsolilmpropterhoc
1573 1991 1747 2060 sedetiam
1792 2017 1845 2060 ro.

203 2084 264 2180 hiis
280 2085 443 2176 ageretur.
457 2077 517 2141 Sed
528 2074 872 2209 quaudoquovproeter
887 2085 1001 2162 consu:
1051 2071 1126 2206 Εἰοι·
1140 2069 1398 2130 convenientiam
1421 2039 1633 2133 sensibil'inm.
1650 2073 1688 2135 Et
1699 2075 1745 2140 sic
1759 2017 1845 2145 clirca

12 2271 23 2299 .
178 2166 376 2306 ,titillet
391 2161 644 2318 leltttltst
660 2149 999 2296 ttlldltdltl
1051 2148 1618 2290 riiiillliih‘'lii''imdfflffl'⁰’
1633 2153 1667 2214 *¹¹
1686 2161 1845 2234 ‘¹¹¹³¹¹²¹¹¹¹¹

1 2357 2 2370 ι
100 2387 103 2395 ,
203 2323 289 2386 sieut
302 2325 433 2402 propter
445 2315 664 2410 curiositatem
681 2310 823 2404 scientiae
840 2327 848 2367 i
866 2307 952 2369 unde
968 2271 1001 2368 οἷ
1051 2307 1222 2386 perantia,
1246 2325 1310 2369 noii
1329 2231 1847 2387 preigcaifigssfesrtaseggsgfsctoiffi.

202 2405 309 2482 primo
337 2399 461 2463 homini
483 2395 630 2457 diabolus
656 2391 823 2453 scientiam
838 2387 997 2466 promisit,
1051 2387 1180 2464 quenti,
1195 2388 1226 2449 iii
1242 2392 1402 2467 qnantum
1411 2393 1518 2452 autem
1532 2391 1697 2457 sensibilia
1706 2394 1846 2461 aliorum

203 2483 285 2545 Gen.
299 2480 337 2557 3,
351 2479 386 2554 h,
402 2477 510 2541 dicens
531 2472 661 2536 :Eritis
683 2471 766 2531 sicat
784 2467 847 2536 dii,
868 2466 999 2528 scientes
1052 2483 1207 2529 sensuum
1229 2473 1305 2530 sunt
1323 2468 1524 2532 delectabilia
1540 2475 1674 2550 propter
1692 2475 1743 2537 sul
1764 2495 1845 2540 con·
1971 2509 1976 2526 .

203 2559 318 2656 honam
331 2568 360 2656 ct
373 2559 498 2622 malum
512 2555 597 2648 Ergo
613 2569 679 2614 non
697 2546 801 2612 soliiin
815 2550 999 2626 temperari·
1051 2547 1264 2622 senientiam,
1288 2548 1371 2610 sicut
1395 2545 1468 2609 ciim
1489 2548 1666 2613 delectatur
1689 2553 1786 2617 homo
1810 2557 1845 2620 tn

202 2647 248 2705 tia
261 2644 312 2703 est
326 2655 411 2702 circa
426 2637 653 2699 delectationes
667 2627 785 2692 taetris.
1051 2641 1133 2687 sono
1153 2625 1234 2689 herib
1257 2628 1496 2704 harmonizato,
1514 2630 1575 2693 ista
1593 2630 1762 2697 delectatio
1777 2653 1844 2699 uon

243 2721 273 2782 5.
292 2723 468 2792 preterea,
483 2715 511 2778 si
525 2712 752 2785 delectationes
766 2705 871 2771 tactus
890 2709 1000 2768 essent
1051 2705 1189 2785 pertinet
1207 2707 1246 2770 tid
1272 2708 1551 2770 conservationem
1578 2715 1703 2775 naturis
1727 2733 1735 2775 i
1755 2716 1843 2780 unda

203 2801 336 2882 propria
345 2798 482 2862 materia
492 2791 724 2872 temperantiae,
736 2790 899 2867 oporteret
910 2785 999 2864 qubd
1052 2801 1117 2846 uon
1138 2786 1257 2848 habent
1271 2786 1453 2867 hujusmodi
1468 2787 1636 2868 passiones
1656 2792 1745 2855 iham
1757 2795 1846 2874 prin-

204 2882 291 2944 circa
306 2895 417 2942 omnes
430 2873 657 2939 delectationes
672 2866 774 2931 tactiis
787 2865 1000 2944 temperantia

203 2964 300 3024 esset.
315 2960 387 3022 Non
402 2959 509 3020 autern
521 2957 569 3016 est
582 2952 668 3014 circa
680 2965 791 3012 omues
801 2992 809 3021 ‚
821 2944 900 3025 puta
914 2946 1000 3008 circa

203 3057 258 3102 eas
271 3056 344 3119 qua
354 3043 430 3100 sunt
443 3037 478 3098 in
491 3033 586 3096 ludis.
597 3031 683 3111 Ergo
704 3027 930 3090 delectationes
952 3029 1000 3088 ta·

205 3119 276 3182 otiis
292 3136 358 3181 non
369 3120 451 3180 sunt'
468 3113 601 3195 propria
617 3108 751 3172 materia
767 3105 997 3184 temperantiae.

245 3199 304 3261 Sed
322 3201 434 3262 contra
451 3200 499 3258 est
511 3191 598 3273 quod
610 3187 823 3268 Philosophus
840 3184 915 3246 dicit
931 3185 964 3245 in
980 3182 1000 3244 3

1052 2865 1258 2959 cipalitatem,
1277 2871 1314 2928 ut
1325 2867 1410 2931 circa
1425 2885 1480 2932 eas
1494 2872 1750 2936 antonomastice
1762 2878 1846 2938 tem«

1051 2951 1199 3022 perantia
1212 2945 1348 3009 dicotur.
1468 3009 1472 3019 ἁ

1092 3024 1139 3118 Ad
1157 3030 1312 3122 quartum
1329 3025 1499 3090 dicendum
1513 3027 1599 3108 quod
1618 3031 1846 3102 delectationes

1052 3106 1236 3196 spirituales
1248 3111 1307 3168 ctsi
1322 3105 1499 3171 secuudum
1513 3127 1606 3172 suani
1618 3117 1769 3176 naturam
1782 3119 1847 3182 sint

1051 3199 1190 3263 majores
1208 3185 1474 3250 delectationibus
1493 3191 1846 3268 corporalibus,tameu
1888 3257 1890 3262 ,

180 3291 183 3298 ’
203 3279 321 3353 Ethio,
335 3295 406 3357 cap.
423 3277 478 3352 10,
494 3271 580 3354 quod
593 3267 796 3349 temperentia
809 3263 942 3344 piropril
955 3267 1000 3324 est

179 3379 184 3386 ’
206 3359 294 3422 circe
314 3352 584 3438 concupiscentias
607 3357 635 3411 ct
648 3345 867 3410 delectationes
885 3341 998 3403 tactile.

181 3469 186 3478 ·
244 3437 435 3518 ltespondeo
460 3432 629 3496 dicendum
658 3425 765 3508 quoii,
788 3424 870 3486 sicut
900 3438 1000 3502 supra

179 3518 325 3581 ¹dictum
348 3519 413 3589 est,
432 3517 494 3578 art.
514 3529 608 3591 prese.
623 3552 632 3584 ,
650 3508 695 3570 ita
716 3509 765 3568 est
788 3503 1000 3582 temperantia

206 3600 291 3662 circa
312 3591 589 3673 concupiscentias
611 3591 642 3650 et
659 3582 902 3656 delectationes,
917 3582 1001 3644 sicut

205 3675 358 3740 lortitudo
372 3677 421 3738 est
438 3673 523 3736 circa
540 3671 670 3731 timores
687 3669 718 3727 et
734 3663 898 3727 audacias.
913 3662 1001 3722 For-

206 3757 308 3820 titudo
332 3759 441 3818 autem
460 3755 509 3815 est
528 3751 613 3814 circa
638 3747 770 3807 timores
793 3746 825 3805 el
848 3741 999 3804 audacias

205 3840 356 3915 respectu
369 3833 593 3902 maximorum
603 3827 782 3898 malorum,
797 3821 916 3902 quibus
930 3822 1001 3900 ipsa

207 3921 325 3979 natura
338 3913 556 3994 extinguitur3
572 3908 733 3988 quaesunt
747 3901 892 3983 pericula
906 3918 1001 3962 mor-

208 3996 261 4091 tis.
279 3995 368 4058 Unde
382 3993 529 4056 similiter
542 3984 760 4081 temperantia·
772 3984 898 4062 oportet
914 3979 1001 4120 gued

208 4080 249 4138 sit
272 4076 363 4139 circa
377 4071 653 4152 concupiscentias
673 4079 891 4126 maximarum
938 4061 1002 4122 cle·

206 4142 1002 4231 elationum.Etquiadelectatioconsequiturope·

205 4236 365 4299 rationem
377 4232 569 4304 naturalem,
585 4221 1002 4303 tantdaliquadelectatlo-

207 4333 265 4378 nes
282 4317 358 4378 sunt
370 4310 645 4382 vehementiores,
658 4302 1002 4384 quantdconsequuu-

206 4398 262 4458 tur
287 4393 492 4474 operationes
516 4387 619 4469 magis
651 4382 828 4448 naturales.
860 4379 1001 4443 Maxime

185 4497 187 4504 ’
207 4481 316 4539 autem
326 4471 490 4538 naturales
503 4466 697 4531 animalibus
708 4465 784 4524 sunt
796 4460 1000 4538 operationes

188 4555 325 4634 'quibus
345 4553 557 4616 conservatur
570 4551 688 4609 natura
709 4539 865 4603 individui
879 4557 936 4620 per
953 4539 1003 4601 ei-

206 4635 284 4698 bum
297 4638 445 4712 etpotum
456 4676 463 4705 ,
476 4632 507 4691 et
517 4631 633 4708 natura
646 4621 762 4702 speciei
812 4637 846 4681 er
866 4617 1002 4680 con'un-

190 4737 192 4743 ·
207 4718 347 4776 ctionem
359 4712 458 4774 maris
475 4713 506 4771 et
518 4707 671 4778 imminae3
685 4704 717 4764 et
730 4639 809 4762 ided1
817 4699 903 4760 cirea
917 4639 1002 4760 illelo-

206 4796 362 4858 ctatioues
378 4793 522 4855 ciborum
539 4790 569 4848 et
582 4788 737 4864 potuum,
757 4784 790 4842 et
803 4778 889 4840 circa
908 4776 1002 4839 dele-

206 4857 768 4943 elationesvenerearumestproprid
778 4856 1000 4938 temperantia.

1051 3280 1117 3324 non
1140 3265 1185 3327 ita
1212 3265 1436 3359 paercipiuntnr
1459 3285 1576 3343 sensu,
1595 3273 1627 3331 et
1647 3289 1706 3350 per
1728 3290 1847 3337 consc-

1052 3359 1162 3438 quens·
1171 3360 1234 3406 noii
1248 3347 1293 3406 ita
1302 3345 1659 3410 vehementeratliciunt
1669 3355 1847 3430 appetitum

1053 3428 1261 3518 sensitivam,
1292 3428 1405 3488 contra
1431 3426 1522 3505 cujus
1549 3427 1705 3505 impetum
1725 3433 1847 3498 bonnm

1052 3507 1188 3598 rationis
1207 3507 1419 3566 conservatur
1431 3523 1489 3584 per
1505 3508 1661 3570 moralem
1682 3509 1845 3576 virtutem,

1051 3582 1110 3643 Vel
1123 3582 1293 3644 dicendum
1307 3583 1393 3662 qudd
1404 3583 1631 3649 delectationes
1648 3589 1846 3669 spirituales,

1051 3679 1110 3742 per
1126 3680 1160 3724 se
1180 3662 1360 3742 loquendo,
1379 3666 1454 3725 suut
1474 3663 1649 3727 secundum
1666 3670 1845 3750 rationem3

1053 3741 1138 3836 unde
1153 3758 1218 3803 non
1234 3747 1311 3806 sunt
1324 3740 1524 3806 refrenandae
1538 3744 1601 3806 nisi
1616 3765 1674 3824 per
1684 3750 1845 3827 accidens,

1053 3839 1087 3881 in
1102 3825 1261 3918 quantum
1274 3822 1395 3885 seilicet
1408 3839 1475 3886 una
1490 3824 1658 3887 delectatio
1669 3828 1846 3908 spiritualis

1052 3902 1187 3963 retrahit
1203 3903 1244 3964 ab
1259 3901 1324 3968 alid
1337 3903 1454 3981 potiori
1472 3909 1503 3966 et
1515 3905 1616 3986 magis
1629 3905 1745 3972 debita.

1095 3981 1142 4042 hd
1160 3981 1310 4074 quintum
1340 3982 1510 4045 dicendum
1539 3984 1625 4063 qudd
1644 4003 1710 4051 uon
1735 4007 1845 4055 omues

1053 4059 1280 4156 delectationes
1294 4061 1398 4125 tacitis
1411 4064 1573 4141 pertinent
1581 4064 1620 4128 ad
1633 4072 1758 4132 natiirae
1770 4087 1847 4133 con·

1053 4146 1287 4216 servationem
1303 4147 1334 4204 et
1353 4142 1425 4204 ided
1441 4159 1506 4204 non
1521 4151 1648 4223 oportet
1661 4148 1747 4227 quod
1762 4151 1848 4218 eirca

1056 4237 1167 4282 omnes
1189 4221 1416 4284 delectationes
1435 4223 1540 4285 tactiis
1557 4224 1599 4286 sit
1620 4229 1843 4306 temperantia.

1053 4304 1234 4363 hunicuius
1258 4319 1290 4362 v.
1305 4335 1343 4345 —
1357 4299 1470 4364 Utrilm
1487 4303 1571 4364 circa
1581 4307 1733 4386 proprias
1758 4309 1846 4372 dele-
1957 4342 1961 4354 ·

1093 4380 1244 4520 ῗεαιιὶοθηιι
1254 4381 1364 4459 pustits
1373 4380 1413 4442 sit
1424 4383 1844 4467 temperentia-(alethis,

1107 4478 1164 4520 ec.
1202 4504 1210 4519 .
1564 4499 1566 4502 ·

1093 4537 1141 4599 hd
1172 4459 1322 4632 quintum
1347 4539 1395 4601 sic
1420 4540 1615 4618 proceditur.
1643 4545 1673 4606 1.
1710 4547 1847 4612 Videtur

1053 4615 1139 4700 quod
1158 4633 1245 4711 circa
1264 4619 1412 4697 proprias
1430 4619 1658 4686 delectationes
1676 4627 1789 4708 gustus
1804 4631 1847 4692 sit

1053 4699 1276 4792 temperantia.
1295 4698 1528 4792 delectationes
1542 4705 1628 4764 enim
1639 4705 1752 4786 gustiis
1771 4713 1847 4772 suut

1053 4795 1088 4839 in
1100 4781 1179 4838 cibis
1188 4782 1230 4872 'et‘
1238 4779 1378 4856 potibus,
1391 4779 1448 4857 qni
1463 4781 1565 4862 magis
1581 4789 1656 4845 sunt
1671 4789 1845 4850 necessarii

1054 4857 1093 4919 ad
1108 4856 1247 4918 hominis
1265 4857 1365 4920 vitam
1382 4855 1481 4938 quam
1498 4861 1724 4926 delectationes
1741 4878 1852 4928 vene-·

206 4953 399 5036 Hujnsmodi
414 4955 522 5014 autem
542 4941 772 5008 delectationes
795 4952 1001 5016 consequun·
1052 4953 1278 5016 reorum,quee
1289 4939 1450 5016 pertinent
1461 4938 1500 5001 ad
1514 4944 1644 5005 tactum.
1655 4943 1713 5006 Sed
1729 4961 1848 5007 seeun-

205 5037 260 5096 tur
280 5050 412 5096 sensum
432 5025 552 5093 tacitis.
577 5023 665 5088 llnde
699 5017 895 5098 relinquitur
915 5015 1001 5095 qudd
1054 5013 1130 5077 diiin
1153 5015 1304 5095 praedicta
1333 5021 1394 5080 art.
1413 5035 1529 5098 prae,
1553 5025 1766 5102 temperantia
1799 5030 1848 5089 est

205 5111 419 5193 temperantia
431 5109 472 5172 sit
483 5107 568 5170 circa
583 5101 809 5166 delectationes
823 5095 939 5160 tacitis.
1054 5097 1140 5158 circa
1152 5095 1379 5160 delectationes
1398 5115 1509 5161 eorum
1525 5119 1598 5180 quic
1611 5105 1688 5164 sunt
1700 5121 1849 5169 necessa-

247 5195 294 5256 hd
306 5192 447 5285 primurn
462 5203 539 5268 ergo
553 5183 726 5280 ⁸dicendum
741 5176 1003 5271 quddohugusti-
1053 5177 1104 5238 ria
1123 5175 1164 5238 ad
1182 5175 1281 5238 vitam
1297 5175 1448 5241 hominis.
1468 5180 1512 5242 Er
1533 5198 1553 5241 o
1570 5183 1783 5260 temperantia
1799 5190 1849 5248 est
1904 5155 1907 5160 ¹

207 5290 268 5336 nus
285 5274 329 5335 ibi
351 5271 479 5334 ridetur
495 5281 640 5344 accipere
653 5261 917 5340 temperantiam,
933 5273 1000 5318 non
1053 5257 1156 5336 magis
1184 5255 1270 5320 circa
1304 5257 1451 5352 proprias
1480 5199 1707 5325 delectationes
1754 5263 1846 5329 ustus

207 5351 385 5418 secundini
403 5347 490 5429 qiidd
509 5347 559 5408 est
579 5339 726 5422 specialis
750 5338 852 5403 virtus
877 5335 1000 5399 habens
1054 5333 1153 5415 qndm
1168 5335 1252 5400 circa
1267 5354 1415 5416 proprias
1430 5336 1655 5404 delectationes
1666 5281 1781 5406 acidi.

205 5432 452 5496 determinatam
465 5413 1001 5496 materiam‚sedsecundiimqubd
1092 5415 1123 5475 2.
1146 5417 1314 5492 Pratema,
1332 5419 1542 5512 temperantia
1556 5425 1605 5482 est
1619 5421 1704 5486 circa
1740 5424 1850 5488 assio·

206 5493 1002 5595 adcanipertinetmoderatiorationisinquaoum-
1053 5514 1111 5558 nes
1135 5497 1237 5578 magis
1257 5493 1356 5576 quam
1377 5515 1463 5562 circa
1483 5515 1535 5560 ies
1558 5500 1568 5560 i
1593 5516 1656 5562 sas.
1673 5441 1738 5565 Sed)
1765 5505 1848 5570 sicut

206 5575 1000 5739 lltsrtsltltsltltttlttlintellis
1052 5549 1850 5742 litlatiltcttttlatnelaeatae

195 5751 266 5834 rsit,
287 5751 372 5846 quod
393 5751 448 5812 ille
462 5747 519 5829 qui
532 5747 639 5888 potest
650 5739 815 5833 refrenare
840 5735 1000 5799 maximas
1052 5736 1205 5832 stantiam
1222 5735 1365 5798 alimenti
1378 5755 1388 5810 ;
1401 5751 1499 5817 sapor
1511 5743 1631 5814 autem,
1643 5743 1699 5819 qui
1712 5748 1850 5823 ..Βηπο-

207 5831 456 5905 (ῙθῙθῡῖᾶῑΙθῦθῦ,
476 5845 532 5890 niu
546 5825 578 5888 ῑὸ
593 5827 689 5887 eitam
704 5835 806 5900 magis
822 5816 928 5910 polest
940 5832 999 5879 re·
1052 5815 1121 5896 prid
1131 5818 1290 5896 obiectum
1299 5814 1424 5896 gustus,
1435 5820 1483 5879 est
1493 5817 1576 5882 sicut
1584 5819 1850 5888 delectamentum

193 5911 336 5986 frenare
363 5909 505 5978 minores
532 5902 774 5986 delectationes2
796 5897 837 5962 Et
862 5891 933 5960 ided
957 5893 999 5962 ad
1052 5897 1291 5962 alimentorum.
1316 5892 1402 5981 argo
1427 5899 1641 5986 temperantia
1668 5904 1772 5992 magi,
1799 5907 1857 5992 093³
