4070 6338
262 347 330 404 tstt
705 344 835 402 stttttffl
853 341 1084 401 THEOLOGlGAE
1102 341 1258 401 stannus
1278 341 1456 402 SECUNDAE.
1831 347 1897 406 iil!

258 461 396 542 amplids
406 463 687 525 excitatamorem.
698 460 787 523 Unde
795 461 968 540 Gregorius
979 461 1054 523 dicit
1105 463 1172 527 vita
1199 464 1445 546 contemplativa
1465 482 1532 530 non
1560 467 1601 530 sit
1622 467 1786 534 diuturna.
1822 469 1894 536 Vita

258 541 496 634 superhaech,
512 541 598 602 hom.
610 537 660 613 lla,
679 540 869 624 circamed.,
882 540 968 618 qnbd
985 539 1053 604 cim
1104 543 1190 604 enim
1205 545 1452 624 contemplativa
1467 546 1682 610 essentialiter
1695 548 1844 612 consistit
1861 552 1893 614 in

257 639 329 702 patr
340 622 443 716 ipsam
454 637 541 711 quem
554 625 637 680 amat
648 619 773 688 viderit,
790 621 825 681 in
837 621 1053 761 amoreipsius
1105 621 1156 684 his
1217 641 1244 686 a
1257 624 1297 688 ad
1311 625 1508 688 intellectum
1519 627 1691 706 pertinent.
1708 627 1768 692 Sed
1783 645 1892 694 omnes

258 701 393 781 amplias
406 701 549 780 ipnesctt.
563 700 601 760 Et
620 700 688 762 hec
706 705 754 761 est
772 700 885 763 ultima
900 702 1052 779 peractio
1105 702 1182 764 intel
1196 704 1305 767 ectivao
1321 704 1529 783 perfectiones
1545 705 1640 786 hujus
1658 709 1730 771 rite
1750 724 1887 772 cracua-

258 779 513 858 contemplativae
535 787 616 852 rite,
646 784 682 842 ut
705 779 825 842 scilicet
850 797 915 840 non
947 781 1051 844 solum
1104 783 1236 858 huntur,
1255 782 1430 846 secundnm
1445 785 1554 847 illudi
1568 786 1691 850 adCor.
1706 786 1894 864 tamesim

258 859 366 922 divina
381 859 498 921 veritas
509 859 666 931 videatur,
684 858 737 921 sed
755 859 851 922 etiarn
864 862 901 920 nt
914 866 1049 921 ametur.
1126 861 1274 941 rcpbetia
1297 863 1544 935 coronabantur,
1563 865 1627 936 siae
1648 865 1762 946 linque
1786 871 1892 930 cessa-

299 939 345 1000 lld
356 937 532 1001 secundum
546 938 713 1000 dicendum
728 937 813 1016 quod
827 939 988 999 contentio
1001 939 1053 1001 vel
1100 879 1192 1011 bant,
1206 943 1269 1011 siae
1282 942 1412 1006 scientia
1426 943 1611 1008 destruetur.
1631 946 1717 1026 Ergo
1728 946 1797 1010 rita
1811 964 1895 1010 con-

258 1021 432 1091 certamen,
463 1017 550 1111 quod
581 1019 728 1097 provenit
755 1034 796 1079 ex
826 1017 1051 1080 contrarietate
1104 1021 1290 1097 templativa
1304 1027 1491 1086 evacuatur.

257 1097 427 1159 exterioris
437 1115 495 1170 rer,
505 1096 727 1177 impeditillins
736 1097 783 1159 rei
796 1097 1049 1159 delectationem.
1101 1133 1103 1138 -
1144 1097 1174 1158 1.
1196 1101 1368 1176 Praeterea,
1395 1101 1594 1166 dulcedinem
1614 1105 1893 1183 contemplationis

257 1177 328 1238 Non
355 1178 441 1239 enim
469 1175 586 1254 aliquis
612 1176 789 1239 delectatur
811 1177 845 1236 in
876 1195 912 1238 re
940 1181 1052 1239 contra
1104 1177 1222 1258 aliquis
1247 1179 1342 1242 homo
1363 1183 1479 1260 raptim
1501 1186 1532 1244 θῖ
1579 1185 1813 1247 ertranseundo
1832 1185 1893 1246 de-

257 1273 356 1336 quam
368 1259 501 1336 pugnat,
517 1256 613 1317 sedin
625 1274 661 1317 re
676 1273 734 1333 pro
746 1254 894 1333 quiquis
908 1260 1050 1335 pugnat,
1105 1261 1211 1336 gustat
1227 1279 1234 1319 a
1250 1259 1336 1321 unde
1345 1261 1542 1341 Augustinus
1553 1202 1671 1324 bicitin
1683 1263 1722 1324 to
1733 1262 1890 1338 Confess,

257 1331 331 1398 ciam
344 1352 415 1398 eam
432 1335 530 1396 homo
550 1335 682 1415 adeptus
696 1335 806 1406 inerit,
823 1333 944 1396 caeteris
958 1337 1052 1412 pari·
1104 1353 1173 1414 cap.
1190 1336 1240 1412 to,
1256 1335 1370 1417 partlm
1387 1345 1461 1402 ante
1475 1339 1530 1402 tin.
1555 1361 1562 1400 :
1585 1343 1779 1404 intromittis
1798 1362 1845 1404 me
1857 1343 1893 1405 in

256 1415 330 1487 hns,
343 1415 445 1496 magis
455 1417 488 1475 in
501 1413 539 1478 ed
551 1415 743 1487 delectatum
757 1413 839 1476 sicut
853 1413 902 1475 Au
927 1415 1051 1478 ustinus
1104 1415 1248 1495 affectum
1260 1416 1391 1480 mnltbm
1405 1420 1590 1482 inusitatam
1601 1419 1772 1490 intraretis,
1784 1421 1826 1484 nd
1840 1441 1892 1482 nc-

256 1492 334 1556 dicit
352 1495 386 1554 in
408 1493 686 1573 SConlcss.,eap.
703 1492 734 1568 3,
752 1497 828 1556 ante
850 1433 946 1568 meg,
967 1495 1052 1572 quod
1104 1496 1167 1556 scio
1198 1515 1289 1576 qnam
1312 1497 1523 1568 dnlcedinem·
1549 1499 1602 1562 sed
1631 1499 1735 1563 recido
1761 1501 1798 1562 in
1829 1499 1891 1562 bac

256 1574 374 1652 qnantb
390 1575 565 1655 suitmajns
582 1574 760 1666 periculum
775 1574 810 1635 in
847 1573 1050 1642 ratiatensi)
1104 1576 1284 1637 oernmnoris
1305 1577 1506 1657 ponderibus.
1530 1579 1704 1659 Gregorius
1721 1579 1830 1652 etiam,
1858 1581 1890 1640 in

254 1652 356 1733 majas
371 1651 793 1733 estpandiumantrinmpbo.
834 1658 1052 1716 onestautem
1103 1649 1123 1713 b
1149 1654 1275 1726 Marah,
1300 1672 1370 1736 cap.
1396 1655 1447 1730 23,
1468 1656 1508 1720 ad
1528 1657 1597 1731 tim,
1622 1675 1788 1738 exponens
1812 1659 1891 1720 illud

241 1739 247 1815 ᾗ
256 1731 291 1792 in
316 1734 585 1811 contemplatione
601 1731 762 1794 contentio
783 1736 815 1794 θῖ
833 1735 995 1794 certarnen
1010 1750 1052 1794 ex
1102 1730 1162 1794 ioh
1178 1732 1197 1792 la
1214 1754 1221 1792 ε
1239 1733 1318 1797 Ctim
1331 1737 1472 1816 spiritns,
1492 1755 1538 1796 me
1549 1746 1709 1816 prasente,
1727 1739 1888 1806 mannen,

256 1813 484 1876 contrarietate
503 1811 646 1875 veritatis
663 1827 762 1889 quam
783 1812 1049 1890 contemplamur,
1103 1810 1178 1873 dicit
1202 1834 1210 1872 :
1234 1815 1277 1876 In
1298 1817 1449 1878 navitate
1476 1823 1596 1877 contem
1618 1815 1748 1880 lationis
1771 1817 1891 1878 intime

255 1908 315 1953 sex
330 1911 373 1954 ex
387 1890 511 1953 deiectu
524 1891 626 1952 nostri
645 1889 824 1952 intellectds
838 1893 870 1952 et
883 1907 924 1952 ex
941 1907 1051 1954 corru-
1102 1907 1169 1952 non
1183 1890 1238 1954 ato
1251 1911 1335 1954 mens
1345 1894 1464 1977 ficitur,
1478 1896 1552 1975 qaia
1618 1897 1809 1977 smnptisam
1822 1897 1890 1976 ipra

166 2016 175 2030 ,
256 1969 1048 2049 ρῖίθίΙ,ἰθοτροθθ,θιιοᾱθοεθᾱίηῖθθίοεθεθῖθθὴίῖ,
1102 1967 1303 2034 immensitate
1331 1971 1457 2036 laminis
1488 1973 1681 2036 reverberata
1710 1983 1887 2038 revocatur.

255 2046 434 2112 secundnm
449 2049 529 2111 illud
542 2049 615 2127 Sap.
629 2049 661 2122 S,
673 2047 712 2111 15
723 2069 731 2109 z
742 2047 866 2130 Corpus
880 2049 963 2130 qaod
978 2067 1052 2112 cor·
1101 2048 1185 2188 Ergo
1201 2051 1266 2114 vita
1278 2052 1523 2131 contemplativa
1535 2070 1601 2115 non
1615 2057 1663 2116 est
1676 2054 1840 2116 diuturna.

254 2128 415 2208 rumpitur
430 2130 745 2221 oppressionem,
768 2135 796 2189 et
814 2128 959 2208 deprimit
982 2137 1051 2190 ter·-

1163 2172 1171 2188 .
1198 2131 1373 2207 Preterca,
1401 2131 1479 2193 illud
1503 2132 1588 2211 quod
1605 2150 1672 2194 non
1693 2138 1743 2196 θεῖ
1763 2133 1886 2194 homini
1995 2127 1996 2158 ¹

255 2223 334 2269 rena
348 2206 536 2270 inbabttatto
552 2226 674 2269 sensnm
687 2209 786 2272 malta
801 2209 999 2287 copitantem.
1011 2209 1050 2269 Et
1102 2210 1331 2286 connaturale,
1360 2228 1425 2273 non
1459 2215 1563 2290 potest
1590 2229 1662 2276 csse
1688 2211 1885 2274 diuturnum.
1995 2217 1996 2292 ᾖ

256 2285 331 2349 inde
347 2290 395 2348 est
407 2287 494 2366 qnbd
507 2288 637 2367 qnando
649 2288 745 2349 homo
755 2288 907 2368 pertingit
921 2287 960 2348 ad
975 2305 1050 2349 con·
1106 2286 1180 2348 Vita
1199 2293 1307 2368 antem
1329 2289 1568 2370 contemplativa
1590 2297 1635 2352 est
1659 2291 1772 2352 malim.

254 2366 497 2446 templationem
512 2367 667 2440 raritatis,
683 2367 847 2431 ardentius
862 2371 1048 2443 eamamat;
1101 2367 1268 2429 secandam
1280 2367 1444 2437 ltomincrn,
1458 2370 1628 2432 utPhiloso
1651 2369 1712 2432 hus
1722 2369 1798 2431 dicit
1807 2386 1841 2430 m
1852 2368 1888 2429 10

255 2446 311 2510 sed
325 2449 426 2528 magis
440 2446 506 2508 odit
519 2447 687 2526 proprium
697 2447 853 2510 delectum
864 2449 895 2506 ot
905 2447 1051 2525 gravita—
1100 2444 1215 2521 Ethio,
1232 2464 1302 2526 cap.
1317 2448 1349 2524 ’1,
1367 2447 1407 2511 ad
1421 2448 1476 2510 fin.
1492 2449 1576 2528 Ergo
1592 2387 1887 2528 vibatur-quodam

255 2528 322 2589 tem
336 2525 554 2606 corruptibilis
569 2525 858 2605 eorporis,utdicat
873 2542 946 2586 cum
958 2525 1050 2603 Apo-
1101 2528 1347 2606 contemplativa
1358 2545 1425 2589 non
1438 2528 1655 2590 sitdiutnrna.

256 2606 352 2678 stolo,
373 2607 463 2668 Rom.
475 2606 506 2681 ’1,
519 2603 559 2665 hb
576 2626 583 2665 ε
599 2606 721 2687 Infelix
735 2602 888 2685 epobomo
902 2625 912 2663 .-
926 2603 1049 2683 peteme
1140 2604 1199 2666 Sed
1225 2609 1336 2669 contra
1361 2611 1409 2668 est
1431 2606 1517 2685 quod
1539 2607 1695 2669 Dominus
1715 2606 1791 2669 dicit
1810 2607 1886 2670 Luc.

254 2683 400 2746 liberabit
422 2685 459 2748 de
481 2703 613 2764 corpora
633 2685 743 2747 mortis
764 2682 878 2763 bajus?
903 2682 991 2745 Unde
1019 2688 1050 2745 et
1101 2683 1150 2759 10,
1176 2682 1241 2744 ts:
1264 2685 1373 2748 Maria
1390 2686 1536 2764 optimam
1553 2693 1677 2765 partem
1697 2683 1801 2779 clepit,
1844 2705 1888 2748 ne

255 2763 431 2864 Gregorius
464 2764 539 2828 dicit
564 2782 662 2856 super
682 2761 911 2855 Ezechploc.
935 2763 988 2855 cit.
1015 2763 1049 2824 in
1100 2779 1167 2823 non
1182 2762 1389 2904 aaaEferetarob
1405 2766 1449 2833 at,
1467 2765 1556 2842 quia,
1572 2768 1608 2825 ut
1622 2765 1796 2844 Gregorius
1814 2705 1887 2856 buco

254 2841 1050 3002 tistittittatttttttttttitt:
1100 2840 1887 3014 titttattfftslttatltsta{sitiit

255 3007 316 3061 tem
328 3003 431 3063 cornis
446 3001 587 3082 arefacit.
809 3023 814 3029 ·
1140 2999 1327 3078 Respondeo
1346 3001 1515 3063 dicendum
1536 3002 1622 3081 qubd
1640 3002 1762 3080 aliquid
1786 3006 1889 3081 potest

295 3079 342 3139 Ad
355 3080 485 3142 tertium
508 3079 675 3141 dicendum
709 3077 796 3157 qndd
819 3079 1049 3156 contemplatio
1100 3079 1162 3141 dici
1178 3077 1366 3142 diuturnum
1378 3081 1546 3159 dupliciter
1559 3101 1567 3141 ε
1581 3099 1647 3142 uno
1664 3081 1758 3142 modo
1773 3099 1887 3144 secun·

253 3156 312 3222 Dei
327 3157 361 3220 in
377 3156 438 3221 hac
452 3158 516 3222 vita
532 3159 717 3238 imperfecta
732 3163 781 3220 est
804 3161 952 3236 respectu
968 3177 1050 3221 con·
1101 3156 1176 3219 dirm
1192 3176 1285 3220 suam
1305 3163 1473 3234 naturam
1499 3161 1563 3222 alio
1578 3160 1671 3222 modo
1686 3160 1794 3239 quoad
1816 3179 1885 3222 nos.

254 3238 471 3318 templationis
491 3239 602 3318 patriae
627 3259 634 3298 ε
656 3243 686 3300 et
711 3237 857 3300 similiter
882 3237 1049 3302 delectatio
1101 3235 1281 3301 Secundum
1302 3257 1337 3302 se
1360 3238 1489 3318 quidem
1504 3238 1709 3302 manifestum
1732 3239 1886 3318 estquod

252 3317 532 3397 contemplationis
553 3318 614 3382 viar
634 3321 683 3380 est
700 3315 884 3396 imperfecta
900 3323 1050 3397 respectu
1101 3316 1167 3381 vita
1188 3317 1435 3396 contemplativa
1457 3317 1609 3382 diuturna
1629 3322 1678 3381 est
1698 3318 1884 3398 dupliciter:

253 3395 475 3459 delectationis
489 3397 767 3477 contemplationis
790 3395 1050 3478 patriamque
1100 3413 1167 3457 uno
1193 3397 1287 3459 modo
1309 3396 1347 3459 ed
1370 3396 1456 3476 qudd
1471 3403 1618 3461 versatur
1636 3398 1721 3460 circa
1739 3397 1887 3460 incorru-

256 3473 370 3537 dicitur
385 3477 419 3536 in
433 3477 516 3554 psal.
528 3475 627 3550 ste:
644 3478 796 3537 Torrente
804 3475 977 3554 voluptatis
991 3485 1050 3538 tua
1101 3475 1224 3554 ptihilia
1241 3480 1273 3538 et
1294 3475 1489 3550 immobilia3
1506 3477 1569 3539 alio
1592 3477 1697 3550 modo,
1719 3477 1798 3555 quia
1823 3495 1886 3538 non

278 3553 449 3616 otobiseos.
465 3555 526 3617 Sed
540 3555 766 3632 contemplatio
780 3553 961 3615 divinorum
976 3573 1048 3632 quae
1101 3555 1197 3618 hahet
1226 3555 1425 3618 contrarium
1449 3575 1457 3615 a
1483 3555 1685 3619 delectationi
1713 3557 1799 3617 enim
1817 3571 1886 3634 qua

253 3571 393 3697 babetur
406 3635 441 3695 in
457 3633 520 3708 vid,
537 3635 595 3696 etsi
611 3635 651 3694 sit
666 3632 861 3712 imperfecta,
878 3634 985 3694 tamen
1001 3638 1050 3696 est
1101 3637 1149 3695 est
1173 3634 1205 3694 in
1226 3633 1474 3708 considerando,
1498 3635 1578 3696 nihil
1597 3638 1645 3698 est
1668 3635 1883 3708 contrarium,

253 3710 472 3776 delectabilior
481 3713 568 3774 omni
579 3711 644 3774 alid
657 3712 936 3789 contemplatione,
945 3729 1050 3790 quan·
1100 3715 1138 3773 ut
1156 3711 1273 3775 dicitur
1291 3713 1326 3776 in
1343 3713 1360 3774 1
1381 3713 1512 3791 Topic,
1532 3730 1603 3793 cap.
1628 3712 1683 3790 13,
1711 3714 1744 3774 in
1769 3714 1882 3793 explic.

254 3788 461 3871 tdmcumque
488 3791 645 3870 perlecta,
665 3795 796 3868 propter
825 3791 1049 3854 excellentiam
1100 3789 1205 3852 loci2.

253 3869 301 3931 rei
316 3872 547 3950 contemplate.
565 3871 654 3933 Unde
668 3869 880 3948 Philosophus
894 3869 970 3932 dicit
985 3871 1046 3933 ini
1140 3870 1199 3933 Sed
1222 3870 1327 3949 quoad
1354 3887 1413 3932 nos
1437 3871 1533 3932 etiam
1553 3871 1619 3935 vita
1643 3870 1887 3949 contemplativa
1995 3935 1996 3954 ,

253 3948 292 4011 de
304 3951 451 4013 Partibus
466 3950 672 4024 animalium,
688 3965 757 4028 cap.
774 3947 811 4022 b,
828 3949 903 4011 circ.
916 3951 1020 4028 princ.
1037 3970 1046 4011 ε
1099 3949 1252 4013 diuturna
1262 3955 1320 4024 est,
1333 3955 1402 4012 tum
1414 3950 1493 4028 quia
1505 3967 1576 4011 com
1599 3951 1655 4014 etit
1669 3949 1762 4012 nohis
1774 3967 1885 4013 secun-
1995 3959 1996 3976 ³

255 4027 381 4090 Accidit
410 4029 496 4089 circa
518 4028 590 4088 illos
613 4027 809 4090 honorabiles
834 4028 999 4090 existentes
1020 4036 1049 4090 et
1100 4027 1176 4092 ditm
1193 4029 1351 4092 actionem
1368 3969 1620 4107 incorruptihibis
1642 4029 1744 4107 partis
1761 4030 1885 4103 anime,

254 4104 382 4168 dininas
410 4103 612 4173 snbstantias,
645 4107 778 4166 minores
803 4105 894 4168 nobis
915 4109 1048 4171 cristae
1100 4109 1220 4171 scilicet
1244 4105 1419 4171 secunddm
1443 4107 1650 4182 intellectum,
1673 4107 1759 4170 unde
1783 4110 1885 4186 potest

255 4182 393 4246 tlteorias
406 4203 416 4242 .·
430 4185 482 4246 sed
501 4185 559 4246 etsi
581 4183 750 4246 secundnm
769 4183 925 4247 modicum
945 4188 1048 4248 attin·
1100 4193 1171 4267 post
1189 4187 1274 4266 hanc
1288 4187 1386 4249 vitam
1399 4186 1538 4250 durare:
1557 4188 1626 4250 tum
1644 4187 1742 4250 etiam
1757 4188 1836 4266 qnia
1854 4188 1887 4247 in

254 4279 361 4343 pamas
371 4281 439 4333 eas,
456 4272 556 4325 tomen
587 4271 696 4344 rapiar
707 4261 981 4328 honorabilitatem
997 4287 1048 4329 co·
1099 4267 1250 4346 operibus
1263 4266 1517 4345 contemplativa
1530 4265 1740 4359 corporaliter
1754 4283 1820 4327 non
1835 4267 1887 4328 la-

253 4342 423 4421 pnoscendi
444 4343 539 4407 deicct
580 4343 655 4405 ilius
677 4342 798 4422 aliquid
816 4340 928 4406 tabern
957 4347 1048 4427 quim
1099 4345 1366 4422 boramus,unde
1378 4345 1480 4426 magis
1494 4345 1527 4405 in
1540 4345 1722 4426 hujusmodi
1737 4347 1886 4423 operibns

336 4421 422 4501 apud
442 4441 500 4484 nos
514 4423 625 4485 omnia.
641 4421 680 4483 Et
698 4422 759 4484 hoc
775 4428 825 4486 est
845 4425 942 4488 etiam
961 4426 1047 4508 quod
1098 4424 1249 4488 continue
1275 4426 1446 4505 persistere
1468 4440 1651 4502 possumus,
1678 4425 1762 4486 sicut
1785 4425 1887 4510 Philo·

283 4501 430 4582 regorius
453 4501 529 4566 dicit
552 4519 650 4586 super
678 4501 851 4579 Ezechiel,
863 4505 924 4570 loc.
948 4523 1047 4585 snpra
1099 4505 1218 4599 sophus
1233 4503 1309 4568 dicit
1325 4505 1360 4566 in
1375 4504 1413 4564 10
1431 4503 1587 4582 Ethicor.,
1604 4521 1674 4584 cap.
1691 4503 1721 4580 7,
1736 4500 1885 4582 perdura

255 4578 1045 4669 cit.:Contcmpiatioavitaamabiiisaaldidalcedo
1098 4602 1200 4667 princ.
1339 4659 1342 4664 ¹

221 4695 225 4705 ·
254 4665 313 4734 etl,
326 4683 394 4747 pce
405 4685 498 4759 snper
511 4668 703 4748 semetipsam
719 4665 854 4726 animam
866 4666 964 4744 rapit,
982 4684 1047 4726 coe-
1138 4663 1185 4726 hd
1215 4665 1355 4744 primum
1380 4679 1456 4744 ergo
1478 4662 1646 4725 dicendum
1666 4661 1751 4742 qubd
1777 4661 1884 4723 modus

255 4746 345 4808 lectio
356 4752 469 4827 operat,
483 4745 784 4828 spiritaoiiamentis
806 4743 904 4807 oculis
919 4747 1047 4825 patefa-
1099 4743 1334 4824 contemplandi
1353 4759 1416 4804 non
1430 4747 1479 4803 est
1492 4742 1575 4803 idem
1592 4741 1690 4805 hicet
1709 4742 1744 4803 in
1757 4738 1882 4821 patrii;

256 4826 309 4889 cit.
1099 4823 1154 4886 sed
1164 4825 1229 4888 vita
1241 4821 1488 4901 contemplativa
1499 4820 1615 4883 dicitnr
1623 4838 1755 4884 manere
1764 4821 1884 4882 ratione

295 4905 342 4968 Ad
369 4908 522 4985 quartum
548 4905 716 4968 dicendum
744 4903 828 4983 qnbd
850 4903 950 4966 lacoh
975 4908 1047 4984 post
1099 4902 1285 4976 charitatis,
1312 4902 1345 4963 in
1372 4898 1438 4980 qud
1460 4901 1554 4962 habet
1581 4904 1613 4962 et
1640 4901 1834 4980 principium
1856 4901 1883 4960 et

255 4985 559 5066 contemplationem
573 5002 641 5048 uno
654 4983 734 5065 pede
746 4983 958 5057 claudicahat,
969 4984 1047 5062 qnia
1099 4981 1195 5044 finem
1209 5003 1217 5041 z
1235 4984 1266 5043 θῖ
1278 4982 1340 5043 hoc
1351 4985 1400 5043 est
1412 4978 1498 5059 quod
1512 4979 1573 5042 Gre
1597 4980 1684 5041 orius
1698 4978 1774 5041 dicit
1792 4994 1884 5057 super

254 5081 372 5125 necesse
386 5071 431 5125 est
443 5071 480 5126 nt
495 5063 658 5128 debilitato
674 5079 776 5125 amore
787 5062 894 5132 sconti,
907 5063 1047 5126 concale-
1098 5061 1226 5135 Erech„
1242 5061 1328 5122 hom.
1351 5060 1400 5134 lb,
1421 5063 1493 5138 post
1514 5077 1545 5119 m
1588 5079 1620 5119 .:
1642 5057 1884 5138 contemplativa

255 5148 323 5204 scat
337 5143 451 5224 minuis
464 5143 505 5205 ad
515 5160 649 5206 amorem
667 5141 740 5213 Dei,
755 5146 793 5204 ut
809 5141 981 5234 Gregorius
1000 5141 1046 5203 di-
1098 5139 1149 5202 ltic
1162 5140 1294 5219 incipit,
1318 5147 1353 5202 nt
1378 5141 1413 5202 in
1435 5137 1546 5201 calesti
1566 5139 1675 5216 patria
1692 5138 1881 5219 perficiatur,

255 5222 299 5283 cit
321 5239 419 5301 snper
444 5222 623 5297 Ezechiel,
644 5222 707 5284 loo.
733 5222 785 5283 cit.
814 5221 853 5282 Et
878 5220 949 5284 rded
971 5228 1047 5302 post
1098 5219 1406 5314 qaiaamorisipnis,
1423 5213 1884 5300 qaiblccrdereincboat,aim

159 5339 163 5346 -
255 5300 449 5379 apnitionem
468 5301 634 5364 raucitatis
648 5301 708 5364 Dei
730 5318 813 5362 anns
829 5300 865 5361 in
884 5299 975 5362 nobis
990 5318 1047 5380 pes
1097 5318 1209 5379 ipsum,
1231 5317 1319 5380 pacm
1341 5305 1434 5367 meat,
1461 5296 1587 5368 viderit,
1608 5298 1644 5360 in
1666 5313 1769 5358 ansere
1789 5295 1883 5375 ipsias

256 5396 352 5440 sanas
372 5389 509 5443 rmnanet
531 5389 565 5443 ot
607 5401 622 5442 e
645 5380 728 5442 alias
753 5378 1047 5442 claudicot:omnis
1098 5377 1231 5520 anglicis
1244 5377 1384 5460 lanescit.
1856 5454 1863 5467 .

257 5458 337 5521 enim
351 5459 405 5539 qai
419 5478 483 5521 nno
505 5477 547 5540 pe
595 5460 763 5533 claudicat,
779 5455 879 5520 solbm
901 5458 953 5521 illi
973 5459 1047 5539 pedi
1167 5458 1385 5520 dsecundum
1410 5455 1580 5520 dicendum
1593 5455 1679 5536 quod
1693 5456 1785 5518 nulla
1805 5459 1883 5518 actio

198 5537 508 5619 ·innititnrqnem
521 5557 629 5600 sanam
642 5538 730 5601 babet
745 5537 794 5632 (ut
802 5537 992 5618 subjungit).
1098 5541 1203 5618 potest
1223 5537 1278 5599 did
1301 5538 1418 5600 durare
1439 5537 1471 5599 in
1494 5533 1544 5598 sul
1560 5552 1697 5597 summo.
1720 5535 1882 5597 summum
1995 5557 1996 5594 t

256 5619 437 5681 Anrrconns
455 5637 523 5682 vrrs.
545 5653 583 5663 —
597 5617 710 5681 Utrbm
723 5625 790 5682 otta
808 5617 1048 5697 contemplativa
1079 5621 1206 5683 ,autem
1238 5617 1521 5760 contemplationis
1545 5619 1594 5677 est
1619 5619 1654 5677 ut
1682 5616 1819 5696 attingat
1847 5609 1882 5703 ad

296 5699 338 5759 sit
352 5698 513 5760 diuturna.
526 5733 563 5744 -
579 5697 682 5838 ffart.
696 5698 726 5767 1,
740 5704 847 5778 quart.
862 5695 913 5770 20,
936 5703 997 5758 art.
1012 5695 1044 5771 la,
1098 5697 1348 5760 uniformitatem
1378 5697 1473 5760 irinas
1486 5694 1778 5776 contemplationis,
1792 5701 1828 5756 ut
1840 5691 1881 5753 dt-

297 5777 338 5838 ad
354 5777 391 5852 33
408 5785 436 5838 ct
445 5777 476 5851 3,
491 5777 566 5838 dist.
600 5775 633 5851 b,
646 5785 751 5856 quast.
764 5778 793 5850 1,
810 5784 871 5838 art.
882 5773 914 5849 la,
928 5793 979 5855 qa.
999 5774 1029 5846 3,
1098 5778 1141 5846 eit
1160 5776 1344 5858 Dionysius,
1361 5795 1431 5858 cap.
1447 5774 1466 5835 1
1480 5775 1519 5838 de
1533 5774 1632 5837 divin.
1652 5775 1756 5850 Nom„
1772 5777 1852 5855 part.
1867 5769 1881 5832 1

299 5854 344 5916 hd
354 5859 501 5924 octavum
512 5857 558 5920 sic
569 5857 762 5935 proceditur.
774 5857 803 5918 1.
818 5777 1047 5933 videturqubb
1098 5856 1170 5920 lect.
1186 5855 1224 5930 7,
1240 5859 1272 5920 ot
1286 5873 1357 5932 cap.
1372 5855 1391 5920 3
1406 5857 1475 5920 cet.
1491 5854 1679 5933 hierarch,
1696 5859 1773 5922 ante
1789 5845 1879 5925 neda
