4056 6340
154 368 222 426 rear
703 363 840 436 cunsr.
859 364 950 422 cnxr.
970 363 1016 422 ou
1034 363 1253 424 uouinnlru
1593 411 1597 418 .
1729 374 1800 434 lits
1831 353 1834 360 ’

155 483 334 548 lunduuiur
354 479 372 542 d
390 479 467 542 beo.
486 479 573 541 Unde
593 479 733 558 primum
755 481 789 540 in
809 481 949 558 acquisi·
1006 480 1304 560 interropotionem:
1324 483 1475 560 quintus,
1497 487 1695 564 tenerepaod
1711 486 1800 550 dubet

156 565 246 626 tione
258 561 415 624 virtutum
428 563 533 638 potest
553 559 655 636 accipi
675 559 866 638 dupliciter:
883 577 950 621 uuo
1006 561 1175 621 eommunis
1191 561 1374 622 monosterii
1387 563 1514 640 reputo,-
1529 569 1659 636 senius,
1678 567 1800 629 eredere

157 643 253 706 modo
267 658 325 720 per
343 639 472 700 modum
492 639 687 700 removentis
710 639 903 717 probibens3
920 645 951 701 el
1005 648 1032 699 et
1044 641 1292 718 pronuntiarem
1303 640 1612 714 omnibusoiiiorcm;
1630 647 1797 723 septimus,

157 724 205 786 sic
219 721 383 783 humilitas
400 718 538 798 primum
556 718 662 780 locum
679 722 778 788 tenet,
798 719 832 779 in
847 735 951 797 quan·
1004 717 1159 780 adomnia
1172 720 1336 799 indipnum
1358 730 1384 780 et
1402 721 1545 782 inutilem
1561 741 1592 781 se
1611 726 1753 804 confiteri
1771 735 1800 788 et

155 808 225 866 tum
242 800 363 864 sciiic'ct
378 799 511 878 expellit
525 797 720 878 superbiam,
736 798 787 860 cui
803 799 887 860 Deus
900 816 951 860 re-
1006 797 1142 866 eredere,-
1157 805 1310 874 octavus,
1336 801 1488 882 consessio
1501 812 1721 880 peecatorum,-
1740 823 1799 866 no-

158 882 252 954 sistit,
270 884 301 939 et
315 879 434 958 praebet
448 877 609 938 bominem
625 877 800 948 subditum,
815 882 846 938 et
859 882 951 956 patu·
1006 895 1084 946 nus,
1105 894 1162 954 per
1177 877 1380 940 obedientiam
1396 881 1431 941 in
1446 880 1534 942 duris
1552 890 1580 940 et
1603 885 1720 960 asperia
1738 903 1801 964 po-

157 963 227 1023 ium
238 959 277 1022 ad
286 957 526 1036 suscipiendum
539 955 949 1038 inlinxumdivinmgratiae,
1006 956 1145 1018 tientiom
1159 959 1301 1036 amplecti
1309 979 1319 1026 ,·
1333 959 1486 1032 decimus,
1497 967 1533 1020 ot
1546 979 1615 1021 com
1624 961 1800 1026 obedientia

157 1038 191 1102 in
216 1041 375 1118 quantum
401 1043 535 1100 evacuat
560 1036 756 1098 iniiationem
779 1038 949 1115 superbire.
1005 1053 1035 1094 ec
1050 1035 1525 1116 eobdntmojorirundecimus,
1550 1049 1586 1101 nt
1605 1041 1800 1104 coinntotem

157 1117 376 1200 Undedicitur
391 1117 501 1178 iacobi
516 1115 546 1190 t,
562 1116 593 1188 6,
611 1116 697 1194 qudd
712 1117 794 1177 Dme
811 1116 951 1194 enpmbic
999 1115 1797 1198 propriomnondetectetnrimpiere:duodecimus,

158 1198 287 1264 resistit.
304 1195 471 1256 inmitibus
485 1205 585 1256 entem
602 1195 657 1258 dot
679 1195 824 1275 p'rntiom.
843 1196 883 1256 Et
903 1214 952 1256 se·
1004 1203 1041 1252 ut
1054 1195 1149 1254 Deum
1163 1195 1265 1254 timeat
1278 1205 1305 1254 et
1316 1200 1479 1259 ntentcrst't
1492 1200 1628 1259 omnium
1661 1220 1706 1261 nee
1716 1219 1799 1280 prte-

158 1275 301 1340 cundirm
314 1277 374 1336 boc
387 1276 550 1338 humilitas
564 1275 864 1354 diciturspirituaiis
877 1275 952 1337 adi·
1006 1291 1022 1334 c
1062 1275 1098 1358 it.
1126 1275 1366 1336 Enumerantur
1383 1277 1469 1336 enim
1484 1277 1536 1338 bic
1559 1218 1705 1355 pulegium
1726 1297 1799 1358 qun

158 1357 221 1419 licii
250 1355 505 1416 tundamentum.
535 1355 607 1416 Alio
630 1355 725 1416 modo
753 1363 801 1416 est
830 1355 952 1432 aliquid
1006 1370 1025 1414 a
1061 1354 1140 1415 alias
1156 1353 1290 1415 virtutes
1310 1356 1487 1433 pertinent,
1513 1358 1597 1418 sicut
1616 1358 1798 1422 obedientia

159 1437 299 1516 primum
310 1436 345 1496 in
360 1435 533 1496 virtutibus
545 1433 674 1508 directi,
687 1453 744 1513 per
763 1435 849 1513 quod
867 1434 953 1495 scili·
979 1471 980 1474 =
1005 1437 1037 1494 et
1051 1433 1206 1509 patientia
1223 1454 1230 1494 :
1248 1441 1480 1496 enumerantur
1492 1437 1587 1498 eliam
1602 1439 1714 1516 aliqua
1726 1455 1799 1517 qun

160 1521 209 1578 cet
227 1515 293 1596 jam
316 1514 356 1576 ad
379 1515 480 1576 Deum
503 1515 675 1576 acceditur.
702 1515 829 1576 Primus
844 1521 952 1576 autern
1006 1511 1045 1572 ad
1056 1512 1170 1573 laisum
1186 1513 1371 1590 opinionem
1381 1515 1711 1592 pertinerevidentur,
1724 1535 1798 1595 quie

160 1612 309 1658 necessus
325 1593 364 1656 ad
376 1595 479 1654 ileum
495 1599 544 1654 est
563 1611 621 1672 per
639 1593 751 1665 iidem,
775 1591 953 1656 secundirm
1006 1593 1087 1652 nulii
1110 1593 1217 1653 virtuti
1235 1596 1339 1670 potest
1353 1599 1550 1672 competere,
1574 1597 1695 1658 scilicet
1712 1597 1796 1674 quod

159 1674 239 1736 iliud
253 1674 349 1735 iicbr.
364 1672 446 1746 ii,6
463 1693 470 1730 ε
486 1674 684 1734 decedentem
695 1673 734 1733 nd
748 1674 842 1733 ileum
856 1691 954 1752 opor·
1006 1670 1124 1748 aliquis
1144 1673 1331 1750 pronuntiet
1354 1691 1388 1733 se
1410 1673 1560 1733 omnibus
1582 1676 1745 1746 viliorem,
1767 1681 1798 1736 et

160 1763 203 1814 tet
227 1753 360 1815 eredere.
382 1753 423 1812 Et
444 1751 619 1830 secundum
647 1753 709 1814 boc
728 1753 805 1814 sides
822 1753 954 1830 ponitur
1029 1750 1091 1810 udd
1107 1751 1147 1812 nd
1161 1751 1269 1811 omnia
1285 1751 1452 1828 indignum
1467 1760 1498 1813 et
1512 1752 1657 1814 inutilem
1673 1771 1708 1816 se
1721 1772 1798 1815 con·

159 1829 765 1910 tundamentumnobiliorimodoquam
774 1832 950 1892 humilitas.
1005 1767 1135 1891 fitentur
1157 1836 1189 1890 et
1208 1829 1327 1891 credat.
1348 1830 1434 1910 Ergo
1453 1831 1716 1894 inconvenienter
1734 1834 1797 1897 istu

201 1911 248 1972 dd
274 1913 403 1974 tertium
429 1910 597 1972 dicendum
626 1911 711 1988 qudd
738 1911 953 1972 contemnenti
1006 1909 1269 1985 ponunturinter
1305 1910 1402 1970 radus
1416 1910 1616 1972 humilitatis.

161 1998 290 2054 tamena
312 1991 546 2070 promittuntur
566 1991 725 2062 coeiestia,
741 1992 823 2052 sicut
845 1995 954 2052 conte·
1045 1987 1075 2046 2.
1093 1990 1249 2049 Praeterea
1265 1929 1453 2059 ,ffrumiiitas
1469 1992 1510 2050 ab
1524 1990 1731 2052 interioribus
1751 1992 1791 2054 ad

161 2071 344 2132 mnenlibus
354 2069 480 2132 divitias
492 2075 636 2131 terrenas
650 2071 882 2148 promittuntur
897 2087 956 2131 cm·
1007 2068 1170 2128 exteriora
1192 2068 1354 2146 procedit,
1374 2067 1457 2129 sicut
1471 2075 1502 2129 et
1517 2075 1638 2130 coetera
1651 2070 1795 2132 virtutes.

160 2151 257 2211 iestes
275 2149 431 2220 thesauri,
446 2145 711 2211 secundrimiliud
724 2149 837 2212 Mattb.
852 2149 884 2220 6,
898 2151 950 2210 iti:
1006 2146 1275 2208 inconvenienter
1305 2164 1381 2225 ergo
1398 2149 1636 2224 proenrittuntur
1656 2150 1689 2210 in
1709 2167 1798 2226 preu-

161 2229 271 2293 Nolite
288 2227 378 2290 cobie
394 2228 604 2290 thesaurizare
626 2228 786 2290 tbesouroe
800 2229 835 2291 in
851 2231 950 2297 terrd,
1007 2225 1114 2286 missis
1138 2225 1290 2304 gradibus
1313 2226 1368 2286 ilia
1386 2243 1459 2302 quoe
1482 2228 1643 2303 pertinent
1656 2228 1694 2288 ad
1711 2236 1799 2289 exte·

162 2309 217 2370 red
240 2307 444 2369 thesaurizate
466 2306 553 2370 cobis
574 2306 736 2369 titeeooroe
757 2309 793 2370 in
814 2309 899 2370 ecio.
915 2308 955 2369 Et
1006 2305 1108 2365 riores
1145 2308 1235 2366 actus
1263 2303 1312 2366 bis
1343 2321 1416 2382 qun
1452 2307 1615 2383 pertinent
1647 2307 1687 2368 ad
1712 2308 1797 2370 inte-

161 2389 309 2450 simiiiter
325 2387 604 2449 contemnentibus
620 2387 730 2448 mundi
745 2387 861 2468 gaudia
875 2404 955 2466 pro-
1006 2384 1120 2446 riores.

160 2468 333 2528 mittuntur
345 2468 581 2528 consolationes
595 2467 755 2538 coeiestes,
778 2462 954 2528 secundum
1046 2463 1076 2523 3.
1092 2465 1269 2534 Praeterea‚
1286 2465 1458 2526 Anselmus
1473 2464 1507 2524 in
1522 2463 1577 2523 lib.
1594 2465 1632 2527 de
1646 2465 1798 2529 Similitu-

162 2547 240 2608 iiiud
256 2547 368 2607 Matlb.
380 2545 411 2616 ὅ,
427 2545 446 2606 ὅ
462 2565 469 2605 :
483 2545 574 2607 Beati
585 2545 641 2624 poi
656 2545 783 2622 tepent,
807 2547 955 2626 quoniam
1007 2542 1154 2612 dinibus,
1176 2541 1196 2603 d
1211 2559 1280 2620 cap.
1299 2543 1338 2604 eo
1361 2559 1467 2620 usquc
1481 2543 1521 2604 ad
1544 2543 1621 2614 108,
1637 2546 1728 2623 ponit
1740 2565 1787 2608 se-

162 2625 224 2704 ipsi
237 2624 493 2686 consotabuntur.
507 2625 666 2688 Eteodem
679 2625 954 2686 modobumiiitati
1007 2627 1092 2699 ptem
1122 2622 1312 2682 humilitatis
1336 2621 1454 2702 gradus
1481 2639 1649 2700 :quorum
1674 2626 1797 2702 primus

163 2705 361 2784 promittitur
387 2704 565 2783 spiritualis
590 2705 765 2776 exaltatio,
792 2721 856 2764 non
877 2706 955 2782 quia
1008 2707 1075 2772 esi,
1103 2709 1219 2760 contem
1245 2700 1361 2762 tibiiem
1385 2719 1416 2762 ac
1436 2719 1498 2760 ease
1521 2720 1722 2780 oopnoecercs
1744 2721 1798 2764 se-

163 2785 232 2846 scla
251 2783 354 2862 ipsam
375 2789 549 2854 mereatur,
572 2783 626 2845 sed
640 2783 718 2875 quia
735 2783 804 2862 ejus
819 2789 867 2845 esi
881 2802 955 2862 pro·
1008 2777 1150 2851 enudus,
1167 2779 1203 2840 dt
1217 2718 1275 2840 χοῦ
1288 2779 1412 2847 dolere:
1436 2781 1549 2842 tertius
1564 2779 1621 2840 hoc
1636 2783 1779 2863 confiteri
1788 2827 1796 2850 .

185 2863 269 2923 rium
295 2868 502 2924 contemnere
528 2863 757 2924 sublimitatem
778 2867 953 2926 terrenam.
1008 2864 1161 2936 quartus,
1175 2857 1232 2919 doc
1248 2859 1450 2936 persuadere.
1464 2865 1500 2919 nt
1513 2861 1631 2922 scilieet
1648 2860 1706 2923 doc
1724 2861 1797 2922 colit

162 2881 252 3004 ssnde
268 2942 467 3020 Augustinus
483 2941 556 3002 dicit
573 2941 605 3001 in
619 2943 701 3003 libro
714 2941 751 3002 de
768 2941 956 3005 Poeniteulid
1010 2938 1112 3006 orodi:
1140 2939 1290 3015 quintus,
1312 2948 1346 2998 tit
1374 2939 1532 3017 patienter
1560 2941 1711 3000 instituat
1741 2940 1798 3001 1⁸⁰⁰

164 3021 230 3100 (qui
244 3028 291 3084 est
301 3023 388 3082 bom.
400 3021 460 3083 uit.
470 3022 554 3082 inter
567 3021 618 3093 50,
633 3037 702 3098 cap.
720 3020 780 3090 i,d
796 3022 891 3083 mede
909 3022 957 3083 Ne
1009 3016 1094 3082 dici:
1109 3023 1219 3078 sextus
1231 3061 1239 3088 ,
1253 3027 1288 3078 nt
1302 3020 1446 3097 potietur
1468 3018 1743 3097 contemptibiliter
1765 3037 1796 3079 ce

161 3111 252 3181 potes
265 3120 332 3161 eum
344 3103 398 3180 pai
413 3119 444 3159 se
462 3099 617 3167 dormitiot,
633 3118 748 3178 semper
756 3100 870 3178 jacere,
887 3100 957 3161 cri-m
1010 3097 1159 3166 tractari,-
1174 3098 1347 3173 septimus,
1361 3096 1466 3158 ntitoc
1484 3107 1573 3157 omet.
1589 3097 1674 3178 Ergo
1689 3099 1799 3162 viden·

163 3181 282 3242 dictum
295 3181 335 3242 sit
355 3200 364 3239 :
380 3179 411 3241 E
415 3179 607 3247 cottotttom
623 3187 651 3238 et
673 3197 711 3239 no
728 3178 866 3258 opineris
891 3181 956 3260 ejus
1008 3179 1062 3235 tur
1076 3177 1232 3252 premissi
1248 3177 1365 3254 gradus
1381 3195 1451 3236 esse
1465 3175 1629 3252 superliui.
1863 3199 1864 3202 ¹

162 3259 384 3321 excitationem
398 3259 431 3319 in
442 3259 540 3321 oculis
551 3258 957 3338 dominumperendiimitc·
1049 3252 1079 3313 i,
1105 3256 1283 3326 Proelssreas
1300 3255 1412 3316 Mami·
1429 3255 1467 3329 3,
1481 3255 1556 3315 dici!
1578 3255 1691 3318 Glsssstl
1709 3255 1795 3334 (ord.

164 3348 208 3399 tea
224 3339 293 3419 fieri
303 3339 493 3418 corporales.
1010 3349 1107 3408 super
1133 3332 1209 3392 illud
1242 3353 1249 3390 :
1278 3333 1411 3412 Impicre
1447 3350 1564 3393 omnem
1585 3335 1796 3413 justitiomir

204 3418 250 3478 dd
263 3423 416 3495 quartum
430 3416 600 3478 dicendum
622 3417 708 3494 qubd
724 3417 794 3478 ided
809 3417 956 3480 Christus
1008 3409 1153 3491 Perfecto
1165 3409 1324 3472 humilitus
1339 3420 1399 3472 tres
1418 3409 1507 3472 noter
1526 3412 1652 3489 prodor.
1669 3413 1796 3474 Primos

164 3495 326 3576 precipue
350 3497 442 3558 nobis
468 3497 681 3558 bumilitatem
703 3497 955 3571 commendavit,
1011 3496 1072 3558 tsi,
1101 3489 1280 3550 subderem
1302 3491 1418 3568 mojori
1431 3537 1439 3559 ‚
1461 3499 1488 3550 tt
1515 3509 1582 3550 dod
1599 3495 1749 3573 proestrre
1769 3511 1800 3551 te

164 3576 243 3654 quia
256 3595 313 3652 per
326 3576 387 3638 boc
400 3575 540 3636 maxime
553 3580 738 3638 removetur
750 3576 957 3654 impedimen·
1009 3569 1142 3648 oequaiit
1157 3569 1211 3647 qni
1225 3575 1268 3628 est
1288 3569 1445 3648 sufficiens
1460 3589 1469 3629 :
1483 3569 1633 3630 ceonredus
1652 3583 1706 3636 est,
1722 3569 1800 3631 sub-

164 3663 232 3716 tom
250 3655 398 3716 humane
416 3655 549 3722 salutis,
575 3671 648 3732 qun
669 3655 816 3717 consistit
837 3656 870 3715 in
896 3655 958 3718 hoo
1010 3648 1081 3708 dere
1097 3667 1161 3708 no
1182 3646 1259 3713 nott.
1281 3649 1497 3728 perpropere
1516 3666 1546 3707 u
1562 3649 1696 3719 caldoris
1710 3659 1737 3710 ee
1749 3649 1799 3711 tte

165 3734 250 3812 qubd
268 3735 364 3794 bomo
385 3733 423 3793 ad
439 3735 578 3796 eoelestia
594 3739 626 3794 et
641 3735 820 3812 spiritualia
835 3735 955 3804 tendat,
1010 3726 1130 3788 dicitnr
1142 3665 1328 3788 agnocens:
1344 3727 1455 3788 tertios
1467 3727 1593 3817 ‘produc
1604 3735 1665 3799 eet,
1680 3728 1800 3789 souerse

165 3812 185 3877 d
210 3815 329 3892 quibus
347 3814 444 3873 bomo
463 3814 506 3874 im
530 3813 646 3886 editur,
667 3811 742 3874 dnm
764 3815 796 3873 in
820 3815 956 3876 terrenis
1010 3806 1138 3870 minori.
1152 3806 1186 3868 tn
1201 3824 1261 3885 quo
1283 3815 1326 3866 ere
1339 3807 1438 3867 omna
1454 3806 1595 3884 porrecto.
1612 3807 1697 3886 Ergo
1708 3824 1800 3886 pro-

165 3832 633 3986 magniiicaristudelfiitidcb
652 3893 821 3964 Dominus,
839 3897 875 3953 ni
894 3893 958 3954 im·
1010 3885 1099 3949 missi
1136 3884 1659 3976 radusvidcnluressesuperflui.
1744 3917 1754 3926 -

166 3970 382 4050 pedimenium
396 3971 509 4032 salutis
520 3971 672 4044 auferret,
689 3973 881 4033 exteriorem
895 3973 958 4033 cei·
1051 3964 1080 4026 5·
1111 3905 1280 4055 {luterem
1311 3967 1509 4042 Augustinus
1538 3963 1660 4024 (hellin
1685 3966 1741 4026 lib·
1757 3965 1795 4026 de

167 4049 337 4112 situdinem
350 4051 614 4112 contemnendam
628 4051 817 4112 monstravit
832 4071 889 4130 per
899 4052 958 4112 bu·
1010 4043 1254 4124 virtututum)-
1268 4041 1321 4114 31,
1334 4047 1411 4104 ante
1423 4041 1505 4102 med·
1520 4042 1688 4104 Mentula
1700 4042 1801 4105 dumi·

165 4130 309 4191 militatis
325 4131 485 4207 exempla.
502 4131 542 4190 Ei
557 4130 603 4191 sic
618 4131 782 4192 humilitas
803 4136 852 4192 est
864 4131 958 4208 quusi
1011 4123 1112 4184 iitotia
1124 4121 1232 4201 coique
1244 4141 1282 4183 en
1293 4123 1437 4182 mensuret
1455 4121 1555 4200 ipsius
1570 4123 1800 4200 mopnitudinit

166 4209 313 4288 quaedam
328 4209 495 4287 dispositio
508 4209 548 4271 nd
564 4210 700 4272 liberum
715 4225 882 4272 necessum
896 4211 960 4270 bo·
1012 4201 1086 4264 doto
1100 4210 1154 4269 eet,
1174 4203 1225 4262 cui
1240 4209 1282 4262 est
1291 4201 1467 4292 periculoso
1481 4199 1635 4279 superbio,
1654 4220 1719 4281 quw
1738 4221 1801 4262 am-

166 4289 262 4350 minis
277 4288 500 4366 inspiritualia
515 4289 766 4352 etdivtnobonn.
785 4289 959 4369 sioutergo
1007 4280 1095 4362 pitto
1113 4301 1168 4342 orn
1193 4280 1325 4342 ttortlor
1350 4279 1533 4342 inroretur.
1565 4279 1622 4339 seu
1649 4299 1801 4343 urensura

168 4367 321 4446 perfectio
342 4373 391 4429 est
411 4370 518 4444 potior
538 4369 763 4446 dispositione,
790 4370 835 4430 ita
862 4370 958 4430 etiam
1012 4361 1156 4440 magnitu
1179 4360 1240 4419 inis
1261 4359 1410 4442 bumana
1427 4375 1491 4448 non
1512 4363 1612 4449 potest
1632 4361 1692 4420 sub
1714 4365 1809 4421 certo⁴

167 4447 325 4520 ebaritas,
347 4451 379 4509 et
398 4448 470 4508 aiiae
490 4447 640 4521 virtutes,
663 4449 781 4525 quibus
797 4449 895 4509 bomo
909 4448 961 4508 di-
1012 4457 1148 4502 numero
1177 4438 1334 4517 graduum
1360 4437 1576 4497 determinari.
1598 4436 1682 4516 Erge
1712 4438 1802 4500 vide-

167 4525 253 4588 recle
276 4530 425 4590 movetur
443 4526 478 4586 in
496 4525 613 4601 Deum,
638 4530 715 4587 sunt
735 4528 875 4605 potiores
895 4527 961 4589 bu·
1012 4523 1067 4579 tur
1080 4517 1165 4595 qudd
1178 4534 1243 4577 non
1255 4517 1380 4592 possint
1391 4514 1592 4576 determinati
1605 4517 1723 4594 gradus
1740 4517 1801 4579 bu·

168 4608 314 4668 militate.
1013 4597 1158 4657 militatis
1171 4595 1341 4674 assignari.

400 4739 401 4744 ,
729 4726 735 4739 .
867 4725 916 4740 ..
1053 4674 1241 4752 despondeo
1258 4671 1539 4751 dicendumqudd,
1556 4674 1803 4755 sicutexsupra

168 4728 349 4788 dnrrcunus
363 4743 407 4785 vr.
423 4758 463 4770 -
475 4722 587 4786 iitmtm
605 4734 824 4786 conmmenter
839 4725 961 4787 disten-
1014 4754 1105 4814 dictis
1121 4756 1228 4831 patet,
1247 4750 1346 4814 am
1369 4751 1437 4830 huj·
1463 4769 1538 4830 qu.‚
1562 4753 1726 4816 humilitas
1748 4772 1803 4816 es,

208 4802 961 4884 Wm'⁸⁶⁰²md¹²mRB⁰n⁰di⁰⁸umdu⁰d⁶⁶im
1015 4833 1193 4894 sentialiter
1214 4831 1248 4891 in
1276 4831 1420 4969 afppetitu
1440 4832 1606 4904 consistit,
1627 4829 1802 4894 secundum

209 4882 327 4964 Wadm
344 4883 548 4976 humilima&
570 4883 689 4945 “mm
713 4882 804 4944 ΜΘ
815 4892 962 4976 ‚afim
1015 4911 1101 4990 qudd
1118 4911 1235 4988 aliquis
1252 4928 1287 4972 re
1300 4914 1392 4971 renat
1401 4911 1556 4988 impetum
1572 4912 1673 4972 animi
1683 4910 1746 4985 sui,
1762 4929 1802 4974 ne

201 4963 542 5056 ,conprehendentem
554 4963 711 5024 ostendere
724 4962 835 5042 deficta
848 4981 885 5024 m
902 4972 962 5022 ter-
1016 4989 1197 5051 inordinat&
1222 4989 1332 5051 tendat
1353 4989 1387 5050 ὴ,
1414 5007 1465 5051 ma
1490 5009 1548 5063 „33
1581 4990 1635 5052 sed
1656 4991 1803 5070 regulam

208 5042 468 5122 mmmmm·
483 5052 540 5105 ⁰⁸⁶·
555 5041 959 5126 *(1”s·eq¹⁴·¹⁶2⁹“r²·¹⁵r
1015 5071 1112 5132 babet
1124 5070 1157 5130 in
1175 5069 1369 5148 cognitione,
1380 5073 1417 5130 ut
1428 5010 1548 5131 scifficct
1559 5069 1677 5148 aliquis
1693 5087 1758 5130 non
1769 5087 1803 5132 se

209 5123 250 5186 “d
264 5122 294 5196 ’ἢ
310 5134 338 5185 ⁰⁸
351 5123 469 5187 Mami·
487 5121 532 5204 3·)
1015 5149 1176 5211 existimet
1191 5165 1290 5226 supra
1313 5149 1343 5209 id
1364 5165 1436 5209 esse
1454 5147 1541 5226 quod
1557 5152 1668 5217 est;et
1682 5149 1803 5212 utrius·

210 5221 257 5284 Ad
275 5230 401 5285 sextum
416 5223 462 5284 sio
476 5223 670 5300 proceditur.
686 5224 714 5284 1.
728 5223 863 5286 Videtur
875 5224 962 5303 qudd
1015 5246 1080 5306 que
1093 5227 1286 5306 principium
1301 5233 1333 5290 et
1347 5227 1438 5290 radix
1452 5231 1500 5289 cst
1513 5227 1694 5292 reverentia
1706 5245 1806 5308 quam

170 5303 435 5365 inconvenienter
448 5302 692 5382 distinguantur·
701 5303 867 5366 duodecim
885 5322 963 5398 gra-
1016 5307 1088 5386 quis
1104 5308 1201 5368 babel
1215 5307 1254 5368 ad
1265 5306 1379 5368 ileum.
1392 5307 1441 5366 iix
1454 5306 1597 5368 interiori
1610 5311 1717 5370 autem
1734 5307 1805 5369 dis-

170 5381 229 5443 dus
246 5381 518 5460 humilitatis‚qui
539 5381 758 5462 inuegulau.
779 5385 959 5456 Benedicti,
1017 5385 1175 5464 positione
1209 5386 1398 5448 humilitatis
1444 5384 1621 5461 procedunt
1658 5387 1806 5465 quaedam

170 5477 242 5540 cap.
255 5461 286 5532 ³1,
307 5466 485 5540 ponuntur.
501 5460 644 5535 Quorum
660 5463 783 5541 primus
801 5467 850 5524 est
869 5463 962 5525 corde
1016 5465 1177 5527 exteriora
1199 5467 1290 5545 signa
1315 5467 1347 5527 in
1362 5465 1480 5533 verbis,
1494 5468 1525 5523 et
1539 5464 1640 5536 iactis,
1656 5471 1688 5527 el
1701 5466 1806 5546 gesti-

172 5548 200 5602 et
219 5559 350 5620 corpore
368 5540 701 5620 semperdomiiitotem
716 5541 884 5610 ostendere,
903 5542 962 5603 de-
1016 5546 1096 5618 bns‚
1122 5545 1239 5623 quibus
1264 5545 1294 5606 id
1320 5543 1404 5623 quod
1429 5539 1563 5604 interius
1586 5544 1675 5618 latet,
1703 5545 1807 5607 mani·

171 5624 246 5702 pars
260 5621 295 5684 in
309 5631 422 5682 terram
431 5620 621 5702 aspectibus:
635 5622 806 5692 secundus,
817 5631 852 5682 ot
859 5641 963 5701 ponco
1016 5625 1162 5699 testatur,
1174 5625 1257 5686 sicut
1266 5629 1299 5686 et
1312 5625 1345 5684 in
1359 5623 1481 5684 caterio
1494 5623 1665 5685 virtutibus
1679 5625 1803 5687 accidit.

170 5699 272 5768 cerdo,
282 5708 310 5759 et
320 5699 526 5762 rationabilia
539 5700 689 5781 iopootnr
698 5699 812 5780 aliquis
826 5721 893 5762 non
905 5703 964 5764 otc·
1015 5705 1095 5766 Nam
1122 5723 1161 5765 ca
1185 5704 1255 5766 visu
1272 5702 1475 5781 oopnosoitnr
1487 5701 1551 5786 cir,
1573 5710 1601 5762 ct
1617 5701 1655 5762 od
1672 5722 1806 5766 occursu

170 5781 655 5855 rnosdooeertcrtius‚otnonsit
671 5780 784 5861 sociiis.
799 5789 987 5859 ontprom·'
1014 5783 1107 5865 faciei
1131 5793 1279 5850 consolor,
1305 5785 1340 5842 ui
1362 5781 1478 5842 dicitur
1499 5782 1597 5843 Eecii.
1620 5783 1668 5855 19,
1692 5782 1742 5844 26.
1766 5784 1806 5846 Ei

169 5869 243 5940 ptos
257 5860 419 5930 inritumr
437 5867 583 5940 quartus,
600 5861 802 5926 taciturnitas
812 5879 909 5942 usqne
918 5863 960 5924 od
1021 5876 1089 5942 fidet,
1104 5874 1135 5936 ju
1156 5860 1312 5941 predictis
1334 5862 1483 5942 gradibus
1502 5861 1692 5926 humilitatis
1706 5863 1806 5944 poni*
