4056 6340
180 397 250 460 iim
343 325 346 329 Ι
486 393 640 476 ¹cossi.
659 394 761 455 ειιι.
780 394 824 454 oe
842 389 1062 455 reurinoiin
1080 391 1260 454 enmonoii
1278 391 1478 456 rmunmu.
1639 354 1693 440 7⁹4
1747 394 1819 455 iiro

178 514 344 578 bominem
358 511 392 578 in
406 513 493 578 statu
506 513 698 576 innocentie
712 509 875 575 attentari
890 527 971 590 per·
1021 509 1072 572 ter
1084 506 1248 572 inducitur
1269 527 1415 602 serpens,
1437 509 1517 572 Gen.
1539 507 1570 604 3,
1596 527 1657 603 eise
1670 507 1819 603 callidior

178 596 319 660 mitteret
334 612 393 675 per
406 593 509 657 malos
525 593 656 674 angelos
672 597 703 655 et
710 591 818 673 jurari
832 607 907 653 eum
920 589 971 652 ia·
1023 587 1346 659 sanctimomalibus,
1356 588 1673 685 relprudeiitusimus
1682 607 1820 686 omnium

179 680 269 738 eeret
282 692 342 755 per
353 675 467 738 bonos.
484 673 534 736 Ex
556 673 688 752 speciali
704 671 791 734 enim
813 668 971 733 beneficio
1022 667 1207 739 bestiarum,
1233 665 1409 734 seeunddm
1426 669 1542 766 ‘aliam
1572 670 1820 766 translationem

146 769 150 776 ’
179 755 292 836 gratim
305 750 367 818 boo
379 756 450 816 erat
463 753 492 814 ei
506 753 658 816 collatum
668 750 806 814 utnulla
822 752 972 812 creatura
1022 747 1088 889 ἕο
1101 748 1188 810 luter
1205 792 1220 842 .·
1237 747 1529 844 linconiementer
1542 749 1818 844 etiamoinducitur

178 834 323 897 exterior
349 833 379 897 ei
399 839 510 914 posset
529 848 646 894 nocere
669 834 782 894 contra
806 828 971 910 propriam
1058 827 1166 890 issem
1204 829 1399 892 ierilocutus
1413 827 1712 925 etdlleopunitus.
1785 910 1793 926 .

178 914 390 987 voluntatem,
411 929 470 991 per
488 927 589 990 quam
606 910 702 974 etiam
718 908 887 972 tentationi
902 904 973 972 dm-
1058 906 1122 1000 eei
1137 910 1250 971 contra
1264 914 1312 971 est
1326 908 1411 988 qiidd
1427 909 1458 970 id
1470 907 1557 988 quod
1569 912 1618 1004 est
1629 927 1768 988 primum
1783 927 1820 1006 ¹.¹¹

177 993 283 1056 monis
293 991 445 1056 resistere
453 995 589 1072 poterat.
1023 985 1134 1065 aliquo
1147 1003 1264 1066 genere
1281 988 1375 1052 debet
1391 1007 1462 1052 esse
1475 993 1755 1074 proportionatum
1767 990 1818 1086 liis

218 1071 266 1132 Ad
280 1073 509 1153 primumergo
521 1069 690 1134 dicendum
705 1067 791 1148 qudd
803 1083 972 1149 suprana·
1023 1066 1146 1159 quse-in
1168 1065 1279 1128 eodem
1299 1085 1417 1148 genero
1428 1072 1684 1164 consequuntur.
1703 1069 1762 1166 Sed
1785 1087 1820 1131 iii

178 1153 286 1214 turam
309 1151 486 1216 humanam
507 1154 556 1214 est
572 1151 683 1229 aliqua
705 1153 834 1221 natura,
851 1149 885 1210 in
906 1147 973 1226 qua
1023 1145 1167 1238 quolibet
1181 1160 1298 1240 genere
1315 1149 1820 1242 peccatiinyeniturordoprime

177 1233 284 1309 potest
306 1231 427 1294 malum
452 1231 553 1310 culpe
581 1227 742 1303 inveniri3
771 1244 836 1290 non
863 1231 972 1321 eutem
1022 1227 1221 1318 tentationis,
1236 1243 1271 1286 iii
1287 1232 1445 1305 quantum
1460 1227 1607 1291 videlicet
1620 1228 1770 1324 precedit
1784 1246 1820 1290 ιιι

176 1309 973 1467 titt:tt‘timididebilitatem:
1022 1305 1640 1480 {obstitissemustitillet.
1658 1311 1818 1482 risisti:

176 1466 973 1624 iti80‘.ltl⁹td.ll.llt.⁰tltltdtlte}
1021 1464 1846 1627 liettoldo?,ll'tl'tdid‘ldlltilt·

176 1566 334 1702 candorem
351 1567 435 1691 siege
451 1628 547 1692 etiem
566 1624 744 1690 secundiim
758 1625 901 1688 ordinem
914 1641 972 1688 na·
1022 1639 1200 1685 consensus
1214 1623 1348 1702 peccati,
1364 1630 1401 1687 ut
1415 1627 1613 1705 augustinus
1628 1626 1715 1720 dicit,
1734 1627 1821 1690 tede

175 1709 259 1768 turio
267 1725 326 1785 per
336 1723 378 1771 an
402 1709 487 1770 elum
499 1709 619 1770 bonum
630 1711 837 1786 promovetur
850 1704 890 1768 ad
899 1703 972 1798 ρει·
1022 1701 1156 1794 Trinit,
1184 1720 1257 1797 cap.
1282 1703 1331 1798 lb.
1355 1704 1441 1786 Ergo
1459 1721 1641 1786 congruens
1661 1707 1721 1770 luit
1738 1705 1818 1770 ordo

176 1783 356 1849 tectionem.
381 1727 524 1867 {egebis
540 1789 648 1850 autem
671 1784 692 1851 d
715 1802 774 1848 suo
799 1785 970 1878 superiori,
1021 1798 1133 1860 primm
1145 1786 1344 1877 tentationis.
1791 1867 1800 1883 ο

175 1863 299 1928 scilicet
321 1864 343 1930 d
368 1867 447 1940 Deo,
473 1866 507 1929 in
528 1868 614 1929 bono
633 1865 743 1944 perlici
766 1869 881 1944 potuit,
906 1880 971 1927 non
1061 1861 1250 1940 Respondeo
1260 1862 1428 1958 dicendum
1442 1865 1528 1958 quod
1548 1867 1644 1960 bomo
1659 1883 1821 1962 composi-

176 1949 285 2007 autem
300 1946 339 2009 ad
363 1945 563 2024 peccandum
578 1945 698 2018 induci,
712 1945 801 2023 quia,
821 1944 904 2006 sicut
916 1943 973 2004 di-
1021 1942 1074 2002 tus
1083 1943 1182 2003 estex
1190 1941 1309 2021 duplici
1320 1941 1651 2017 naturd,intellectivd
1659 1947 1781 2040 scilicet
1788 1950 1821 2010 et

177 2023 262 2086 citur
270 2024 382 2088 Jacobi
396 2025 412 2087 1
449 2025 488 2087 13
502 2045 510 2086 z
523 2025 608 2088 Deru
620 2025 799 2086 intentator
819 2023 972 2086 asotorum
1022 2019 1240 2084 sensitivam
1255 2020 1326 2085 ided
1341 2022 1488 2087 diabolus
1510 2026 1543 2088 iii
1559 2029 1736 2090 tentatione
1754 2027 1822 2090 bo-

176 2110 222 2164 m
416 2069 426 2102 ⁹
1021 2098 1116 2161 minis
1125 2116 1205 2162 usus
1219 2104 1267 2163 est
1276 2101 1483 2166 incitamento
1497 2105 1538 2167 ad
1552 2106 1749 2185 peccandum
1762 2106 1822 2170 du·

215 2147 263 2244 dd
285 2182 462 2247 seeundum
481 2183 651 2248 dicendum
675 2182 762 2264 qubd
784 2183 867 2246 sieiit
884 2184 970 2245 Deus
1021 2179 1147 2258 pliciter
1163 2196 1249 2243 :uno
1273 2182 1367 2276 inodo
1393 2188 1545 2278 exparte
1572 2184 1772 2280 intellectus,
1786 2186 1820 2249 in

175 2261 297 2325 sciebat
310 2262 396 2342 qudd
412 2264 509 2326 bomo
521 2281 580 2343 per
594 2263 802 2326 tentationem
813 2264 846 2324 in
860 2279 971 2342 pecca·
1022 2261 1181 2352 quantum
1195 2265 1355 2356 ,promisit
1371 2262 1555 2326 Divinitatis
1578 2265 1822 2331 similitudinem

175 2343 243 2402 tum
257 2347 341 2408 esset
354 2342 569 2424 dejiciendus;
584 2344 628 2406 ita
641 2343 739 2406 etiam
753 2344 875 2406 sciebat
884 2341 972 2422 quod
1021 2354 1081 2431 per
1091 2342 1233 2432 scientia
1246 2341 1461 2436 adeptionem,
1479 2358 1577 2422 quam
1603 2344 1701 2406 bomo
1722 2349 1822 2407 natu-

174 2437 234 2499 per
247 2421 384 2484 liberum
400 2423 569 2486 arbitrium
587 2423 739 2486 resistere
781 2426 885 2489 oterat
902 2427 972 2484 ten·
1021 2417 1133 2480 raliter
1144 2417 1303 2484 desiderat
1318 2421 1403 2484 :alio
1417 2421 1568 2516 modo-ex
1579 2428 1672 2503 parte
1686 2422 1820 2499 sensiles
1841 2476 1843 2484 .

174 2500 283 2562 latori.
296 2501 365 2565 Hoc
379 2505 487 2565 autem
496 2502 684 2582 requirebat
695 2441 836 2566 conditio
848 2505 972 2565 nature
1022 2499 1055 2558 et
1070 2497 1116 2590 sic
1136 2516 1216 2561 usus
1231 2505 1280 2562 est
1305 2499 1356 2563 bis
1381 2501 1587 2596 sensibilibus
1614 2505 1723 2598 rebus,
1747 2520 1820 2582 que

96 2573 98 2577 ’
174 2577 276 2658 ipsius
306 2586 344 2642 iit
367 2599 426 2676 pro
449 2583 505 2645 rim
531 2583 690 2645 voluntati
720 2582 970 2659 relinqueretur,
1021 2593 1204 2672 maximam·
1225 2578 1345 2673 babent
1365 2579 1553 2676 affinitatem
1575 2582 1615 2645 ad
1636 2582 1820 2676 hominem,

173 2655 351 2722 secundilm
365 2600 448 2723 dtus
461 2661 559 2724 Eccli.
586 2661 635 2736 te,
660 2660 698 2722 tl
714 2682 722 2722 ι
737 2662 821 2723 Deus
843 2660 972 2741 reliquit
1021 2660 1138 2734 partim
1150 2659 1279 2735 quidem
1290 2676 1323 2720 in
1334 2659 1445 2722 eidem
1455 2679 1560 2742 specie
1572 2665 1700 2726 tentans
1714 2679 1822 2724 virum

172 2733 325 2800 bominem
337 2740 372 2803 io
386 2757 482 2803 mano
498 2741 625 2804 consilii
638 2741 698 2803 eui.
714 2741 803 2804 Unde
818 2741 972 2822 Augusti·
1022 2752 1080 2814 per
1094 2737 1281 2832 mulierem,
1300 2740 1418 2818 partim
1434 2740 1512 2804 vero
1527 2741 1563 2804 iii
1575 2741 1691 2836 eodem·
1701 2759 1821 2822 genere

173 2831 235 2878 nus
248 2815 324 2880 dicit
338 2819 374 2881 11
394 2837 431 2882 sii
457 2837 492 2882 er
511 2821 591 2883 Gen.
606 2819 647 2883 ad
660 2821 734 2894 litt,
749 2836 819 2901 cap.
843 2819 880 2895 b,
895 2823 971 2882 ante
1022 2818 1149 2878 tentans
1165 2817 1398 2910 mulieremper
1405 2825 1599 2899 serpentem,
1609 2826 1727 2902 partim
1742 2819 1821 2916 iord

172 2895 258 2956 med.
274 2917 281 2956 ι
296 2897 372 2962 Non
392 2837 468 2961 mixi·
483 2899 607 2962 uidetur
625 2917 744 2980 magne
760 2899 865 2963 laudis
877 2901 972 2980 [utu-
1022 2911 1192 2988 exgenere
1227 2913 1263 2959 ro
1287 2915 1388 2976 inquo
1402 2916 1587 2981 proponens
1600 2917 1732 2982 pomum
1741 2901 1821 2982 ligni

172 2974 350 3056 rumsuisse
370 2977 536 3048 bominem,
552 2979 581 3040 si
597 2987 763 3058 propterea
777 2985 881 3061 posset
899 2977 972 3041 bend
1022 2975 1253 3069 istiusdem
1274 2993 1341 3040 uui.
1419 3059 1426 3074 ι
1698 3061 1706 3077 ι

172 3051 374 3136 viveremus
390 3074 477 3118 nemo
504 3057 583 3120 meld
598 3057 701 3120 viuere
721 3059 882 3129 seudum,-
903 3056 972 3120 edm
1061 3054 1109 3114 Ad
1121 3072 1269 3150 primum·
1287 3073 1363 3137 ergo
1396 3057 1565 3156 dicendum
1585 3059 1822 3156 qUM.¹¹¹.³⁰¹¹¹

172 3138 203 3192 et
212 3131 248 3193 i'ii
259 3137 377 3197 notorii
387 3153 490 3228 peric,
508 3145 536 3198 et
551 3138 586 3199 io
596 3144 750 3218 potestate
762 3139 886 3202 baberet
894 3139 972 3202 uelle
1021 3135 1208 3196 tentationis
1238 3135 1388 3230 diabolus
1426 3144 1496 3203 erat
1525 3144 1609 3202 sicut
1638 3141 1820 3234 principale

171 3227 238 3274 ocii
253 3222 427 3277 consentire
437 3216 592 3280 suadenti.
1021 3225 1137 3292 agens;
1153 3213 1208 3276 sed
1221 3216 1338 3278 mulier
1351 3220 1578 3281 assumebatur
1615 3235 1686 3283 iiasi
1697 3225 1821 3282 instru—

210 3291 258 3354 Ad
274 3295 403 3356 tertium
414 3293 582 3357 dicendum
596 3296 684 3375 qudd
701 3297 902 3378 impugnatio
918 3299 970 3361 cui
1021 3298 1170 3386 1111111111
1186 3295 1371 3388 tentationis
1395 3237 1674 3392 addejicienffium
1698 3298 1819 3374 11111111,

144 3387 246 3439 ,ειιιιι
266 3370 452 3438 difficultate
473 3375 647 3450 resistitur,
672 3377 807 3455 poenalis
825 3381 884 3440 est.
910 3377 971 3440 Sed
1021 3373 1193 3463 1111111111
1215 3373 1332 3466 muller
1350 3379 1421 3438 erat
1443 3375 1601 3470 ¹¹1fit¹J1¹⁰r
1616 3394 1708 3472 1110,
1733 3379 1820 3442 unde

172 3447 271 3513 bomo
296 3451 330 3512 in
357 3457 443 3515 statu
469 3453 662 3517 innocentie
693 3459 820 3534 poterat
847 3458 970 3597 absssue
1020 3465 1122 3542 magis
1136 3451 1244 3544 seduci
1259 3457 1399 3546 poterat3
1412 3458 1587 3550 tumetiam
1596 3461 1821 3550 quiapropter

170 3531 259 3590 omni
281 3529 470 3594 dilticultate
485 3533 654 3597 tentationi
670 3535 820 3598 resistere
833 3555 841 3595 ι
854 3539 908 3598 eti
931 3536 970 3599 εὸ
1020 3535 1280 3622 consuuctionem
1306 3551 1376 3614 epis
1395 3535 1576 3629 advirum,
1600 3535 1741 3600 maxime
1762 3555 1821 3616 per

171 3605 373 3689 impugnatio
386 3613 555 3676 tentatoris
564 3613 594 3676 ei
607 3614 743 3694 poenalis
761 3631 827 3676 non
838 3615 909 3678 suit.
1020 3625 1093 3669 eam
1115 3609 1261 3673 diabolus
1276 3616 1403 3690 poterat
1424 3632 1530 3676 virum
1556 3615 1720 3678 seducere.
1747 3617 1819 3679 Non

171 3725 197 3788 A
429 3731 430 3736 ,
671 3735 677 3748 .
826 3735 833 3750 .
1019 3690 1128 3751 autem
1143 3693 1192 3751 est
1209 3689 1320 3753 eadem
1334 3693 1419 3786 ratio
1438 3694 1626 3787 principalis
1642 3696 1767 3776 agentis
1788 3699 1820 3758 et

200 3745 352 3793 ”mus
366 3749 402 3792 ¹¹·
414 3766 453 3777 ““
464 3729 578 3795 ΜΨ
593 3733 692 3816 ΜΝ
702 3752 887 3797 mmm
900 3753 970 3798 '¹⁸⁰'
1019 3765 1236 3843 instrumenti,
1266 3787 1340 3833 nam
1364 3773 1542 3854 principale
1565 3787 1676 3853 ageris⁴
1693 3778 1820 3854 oportet

200 3807 310 3870 '‘11⁸⁸“
325 3809 402 3872 01ἅο
416 3811 528 3950 siim
545 3813 740 3876 mmmm·
759 3849 796 3862 ··
817 3814 859 3897 (1
881 3822 966 3897 ΡΨ·
1019 3862 1091 3908 esse
1113 3848 1238 3925 potius;
1259 3848 1347 3928 quod
1366 3868 1433 3913 non
1451 3853 1630 3932 requiritur
1649 3853 1683 3914 in
1703 3858 1819 3936 agente

209 3885 404 3966 ilbffliarl·
438 3891 577 3973 ‚Wlbl
1018 3923 1267 3991 instrumentali.
1774 4014 1781 4030 .

115 4059 122 4066 ¹
210 3985 257 4047 Ad
287 3991 463 4053 secundum
485 3993 532 4056 sio
556 3993 758 4082 proceditur..
781 3996 810 4058 1.
835 3995 968 4061 Videtur
1057 4005 1106 4068 Ad
1132 4008 1309 4070 secundum
1336 4009 1507 4074 dicendum
1533 4012 1619 4091 quod
1640 4018 1817 4095 suggestio,

170 4064 256 4142 quod
276 4085 342 4130 non
363 4070 460 4133 luerit
478 4075 674 4136 conveniens
699 4075 813 4140 modus
837 4079 870 4138 et
888 4077 967 4142 ordo
1018 4084 1085 4164 qud
1115 4087 1326 4165 spiritualiter
1356 4091 1504 4154 diabolus
1532 4092 1656 4154 bomini
1694 4094 1819 4174 aliquid

169 4144 281 4222 primm
299 4151 496 4214 tentationis.
516 4153 704 4217 sicutenim
718 4155 967 4222 ordinenaturae
1017 4167 1181 4245 suggerit,
1195 4168 1335 4230 ostendit
1354 4170 1517 4233 diabolum
1531 4174 1605 4249 plus
1622 4173 1742 4237 babere
1756 4192 1819 4253 po-

170 4226 305 4307 angelus
323 4234 393 4291 erat
407 4233 556 4308 superior
569 4233 712 4308 homine,
727 4235 816 4299 itaet
832 4237 965 4302 viserat
1017 4246 1141 4308 testatis
1167 4247 1201 4307 iii
1225 4248 1355 4310 bomine
1379 4247 1479 4329 quam
1508 4251 1627 4338 babeat
1651 4255 1817 4348 suggestio

169 4302 341 4380 perfectior
355 4309 572 4373 muliere.Sed
586 4317 753 4391 peccatum
767 4317 913 4395 pervenit
925 4319 967 4380 ab
1018 4325 1173 4398 exterior,
1195 4327 1273 4404 quia
1285 4345 1344 4419 per
1365 4330 1605 4409 suggestionem
1627 4331 1817 4397 interiorem

169 4381 286 4462 angelo
301 4383 340 4444 ad
352 4384 524 4449 bominem.
546 4391 632 4470 Ergo
640 4393 710 4470 pari
723 4395 849 4456 ratione
857 4395 967 4459 debuit
1017 4400 1207 4466 immutatur
1228 4404 1389 4469 adiabolo
1406 4408 1517 4470 saltem
1545 4410 1685 4477 bominis
1705 4414 1818 4492 phan-

192 4461 340 4524 ervenire
355 4460 454 4525 dviro
468 4465 501 4526 in
511 4469 691 4544 mulierem,
704 4474 739 4531 ut
753 4474 874 4536 scilicet
887 4493 967 4536 mu·
1016 4480 1117 4554 tesia,
1138 4482 1192 4544 sed
1207 4502 1266 4562 per
1279 4486 1518 4565 suggestionem
1540 4492 1733 4554 exteriorem
1749 4493 1817 4554 im-

168 4475 230 4678 ni
242 4541 419 4686 ottilo
435 4547 780 4705 ‘tietboldi
794 4568 966 4711 tilioli
1015 4564 1815 4722 elidente‘silescentemlille

167 4695 295 4776 luitper
315 4669 564 4783 suggestionem.
579 4706 685 4768 Potest
695 4713 803 4770 autem
816 4708 964 4776 diabolus
1015 4717 1136 4780 minem
1162 4726 1237 4783 ante
1263 4727 1495 4803 peccatumiet
1518 4727 1590 4792 ided
1620 4747 1686 4792 non
1710 4732 1816 4808 potuit

167 4775 443 4874 etiamsuggerere
451 4783 574 4846 bomini
583 4787 706 4864 absque
715 4787 966 4866 aliquiexterio
1016 4797 1814 4884 euminteriorisuggestione,sedsoldmexteriori

168 4853 348 4921 risensibili
360 4861 518 4926 creatura.
531 4861 609 4927 Cdm
621 4883 698 4945 ergo
708 4867 804 4944 primi
814 4874 963 4947 parentes
1014 4879 1149 4941 tentare.

168 4941 277 4998 essent
292 4939 452 5019 spirituali
470 4949 576 5006 mente
597 4944 734 5024 prediti,
751 4945 860 5011 mimis
882 4968 965 5012 seii-
1056 4957 1104 5019 ad
1119 4960 1249 5022 tertium
1264 4962 1432 5027 dicendum
1444 4966 1530 5045 quod
1549 4970 1634 5032 sicut
1652 4969 1815 5050 Augusti-

167 5012 315 5079 eibilibus
342 5019 441 5097 quam
467 5022 725 5104 intelligibilibus
756 5026 961 5107 inherentes,
1015 5054 1078 5098 nus
1097 5037 1173 5101 dicit
1196 5041 1232 5100 11
1256 5060 1354 5138 super
1371 5045 1522 5109 Genesim
1542 5049 1582 5112 ad
1595 5049 1668 5123 iiii,
1693 5065 1764 5129 cap.
1781 5051 1811 5126 3,

167 5097 411 5160 convenientius
438 5100 551 5164 luisset
570 5103 656 5182 qiidd
676 5103 782 5168 soldm
802 5109 963 5186 spirituali
1014 5133 1082 5180 nou
1093 5117 1233 5180 debemus
1248 5125 1375 5202 opinari
1387 5126 1473 5206 qudd
1481 5135 1652 5207 serpentem
1665 5128 1725 5191 sibi
1732 5177 1741 5199 ,
1752 5148 1815 5211 ρει

168 5173 344 5239 tentatione
366 5177 463 5240 bomo
479 5184 660 5247 tentaretur
679 5181 777 5263 qudm
795 5191 961 5253 citeriori.
1013 5213 1102 5288 quem
1118 5205 1263 5270 tentaret,
1279 5201 1422 5267 diabolus
1436 5205 1561 5285 eligeret
1570 5226 1581 5276 ‚-
1594 5207 1648 5270 sed
1657 5207 1726 5270 edm
1737 5217 1814 5272 esset

206 5250 236 5313 3.
259 5256 427 5332 Preietos,
452 5276 518 5322 non
530 5264 636 5339 potest
653 5267 884 5331 convenienter
896 5271 964 5334 ali-
1014 5293 1049 5336 iii
1064 5275 1120 5338 illo
1136 5277 1313 5358 decipiendi
1326 5285 1497 5364 cupiditas,
1513 5288 1646 5350 nonnisi
1655 5305 1715 5367 per
1729 5289 1815 5353 illud

165 5330 239 5407 quis
253 5335 375 5400 melum
391 5355 564 5477 suggerere
581 5342 643 5404 nisi
658 5360 717 5421 per
724 5345 854 5423 aliquod
864 5365 964 5429 eppa·
1013 5355 1130 5419 animet
1142 5359 1260 5438 potuit,
1271 5363 1701 5505 perquodpossesfermissus
1716 5377 1770 5432 est.

167 5423 241 5500 rens
256 5413 388 5477 bonum.
400 5415 439 5480 Se
481 5419 584 5513 multu
598 5421 667 5516 alia
675 5423 829 5489 animalia
844 5427 964 5493 babent
1054 5435 1101 5496 Ad
1111 5443 1264 5531 quartum
1278 5440 1444 5504 dicendum
1458 5443 1524 5536 gud
1548 5447 1650 5540 „sicut
1660 5448 1812 5530 Augusti·

166 5502 577 5660 dtttmttttztllld
590 5501 964 5655 litidedittlatt
1014 5516 1813 5682 tle?ll.¹.i.⁵.¹¹.¹'d.l.⁰.¹¹.⁰.ttalliisel.il

166 5643 295 5710 diabolo
305 5667 364 5726 per
377 5661 569 5734 serpentem.
1016 5694 1031 5731 ι
1049 5674 1425 5759 callidissimus‚propter
1440 5684 1592 5747 astutiam
1605 5687 1737 5761 diaboli,
1754 5689 1812 5768 qui

106 5741 110 5748 “
205 5722 236 5784 li.
247 5726 415 5824 Praeterea,
430 5753 563 5816 serpens
572 5739 621 5801 est
633 5739 754 5803 animal
761 5742 960 5810 irrationale.
1016 5772 1032 5810 ι
1049 5751 1082 5814 in
1095 5754 1151 5818 illo
1167 5760 1283 5837 agebat
1295 5760 1421 5836 dolum;
1438 5763 1522 5826 siout
1535 5764 1652 5828 dicitur
1668 5767 1811 5847 prudens

164 5801 226 5867 Sed
239 5809 371 5872 animali
385 5812 565 5881 irrationali
580 5834 646 5882 non
661 5823 812 5915 competit
831 5826 964 5906 sapien·
1014 5852 1030 5890 ι
1049 5834 1100 5898 vel
1110 5838 1218 5900 astuta
1227 5837 1350 5918 lingua,
1364 5859 1462 5920 quam
1472 5845 1611 5924 prudens
1620 5848 1671 5911 vel
1684 5852 1810 5913 astutus

164 5882 224 5979 tie.
236 5886 435 5972 neolocutio,
449 5913 622 5978 neopiena.
632 5899 719 5984 Ergo
730 5907 964 6004 inconvenieu-
1010 5919 1153 6006 ¹sumeret
1169 5916 1209 5980 ad
1223 5917 1345 5999 aliquid
1361 5924 1535 6004 prudenter
1551 5928 1601 5996 iel
1617 5928 1722 5994 astute
1736 5947 1812 5996 sua·
